<JPK xmlns:xsi="http://www.w3.org/2001/XMLSchema-instance" xmlns="http://jpk.mf.gov.pl/wzor/2016/03/09/03091/" xmlns:etd="http://crd.gov.pl/xml/schematy/dziedzinowe/mf/2016/01/25/eD/DefinicjeTypy/"  >
    <Naglowek>
        <KodFormularza  kodSystemowy="JPK_KR (1)"  wersjaSchemy="1-0" >JPK_KR</KodFormularza>
        <WariantFormularza>1</WariantFormularza>
        <CelZlozenia>1</CelZlozenia>
        <DataWytworzeniaJPK>2016-08-01T23:06:10Z</DataWytworzeniaJPK>
        <DataOd>2016-01-01</DataOd>
        <DataDo>2016-12-31</DataDo>
        <DomyslnyKodWaluty>PLN</DomyslnyKodWaluty>
        <KodUrzedu>0271</KodUrzedu>
    </Naglowek>
    <Podmiot1>
        <IdentyfikatorPodmiotu>
            <etd:NIP>6481007070</etd:NIP>
            <etd:PelnaNazwa>Madar Sp. z o.o.</etd:PelnaNazwa>
            <etd:REGON>272572754</etd:REGON>
        </IdentyfikatorPodmiotu>
        <AdresPodmiotu>
            <etd:KodKraju>PL</etd:KodKraju>
            <etd:Wojewodztwo>śląskie</etd:Wojewodztwo>
            <etd:Powiat>Zabrze</etd:Powiat>
            <etd:Gmina>Zabrze</etd:Gmina>
            <etd:Ulica>Skłodowskiej</etd:Ulica>
            <etd:NrDomu>3</etd:NrDomu>
            <etd:NrLokalu>12d</etd:NrLokalu>
            <etd:Miejscowosc>Zabrze</etd:Miejscowosc>
            <etd:KodPocztowy>41-809</etd:KodPocztowy>
            <etd:Poczta>Zabrze</etd:Poczta>
        </AdresPodmiotu>
    </Podmiot1>
    <ZOiS  typ="G" >
        <KodKonta>010</KodKonta>
        <OpisKonta>ŚRODKI TRWAŁE GRUPA 0</OpisKonta>
        <TypKonta>bilansowe</TypKonta>
        <KodZespolu>0</KodZespolu>
        <OpisZespolu>ŚRODKI TRW</OpisZespolu>
        <KodKategorii>kodk</KodKategorii>
        <OpisKategorii>opisk</OpisKategorii>
        <BilansOtwarciaWinien>0.00</BilansOtwarciaWinien>
        <BilansOtwarciaMa>0.00</BilansOtwarciaMa>
        <ObrotyWinien>0.00</ObrotyWinien>
        <ObrotyMa>0.00</ObrotyMa>
        <ObrotyWinienNarast>0.00</ObrotyWinienNarast>
        <ObrotyMaNarast>0.00</ObrotyMaNarast>
        <SaldoWinien>0.00</SaldoWinien>
        <SaldoMa>-0.00</SaldoMa>
    </ZOiS>

    <ZOiS  typ="G" >
        <KodKonta>010-01</KodKonta>
        <OpisKonta>ŚRODKI TRWAŁE GRUPA 1</OpisKonta>
        <TypKonta>bilansowe</TypKonta>
        <KodZespolu>0</KodZespolu>
        <OpisZespolu>ŚRODKI TRW</OpisZespolu>
        <KodKategorii>kodk</KodKategorii>
        <OpisKategorii>opisk</OpisKategorii>
        <BilansOtwarciaWinien>0.00</BilansOtwarciaWinien>
        <BilansOtwarciaMa>0.00</BilansOtwarciaMa>
        <ObrotyWinien>0.00</ObrotyWinien>
        <ObrotyMa>0.00</ObrotyMa>
        <ObrotyWinienNarast>0.00</ObrotyWinienNarast>
        <ObrotyMaNarast>0.00</ObrotyMaNarast>
        <SaldoWinien>0.00</SaldoWinien>
        <SaldoMa>-0.00</SaldoMa>
    </ZOiS>

    <ZOiS  typ="G" >
        <KodKonta>010-02</KodKonta>
        <OpisKonta>ŚRODKI TRWAŁE GRUPA 2</OpisKonta>
        <TypKonta>bilansowe</TypKonta>
        <KodZespolu>0</KodZespolu>
        <OpisZespolu>ŚRODKI TRW</OpisZespolu>
        <KodKategorii>kodk</KodKategorii>
        <OpisKategorii>opisk</OpisKategorii>
        <BilansOtwarciaWinien>0.00</BilansOtwarciaWinien>
        <BilansOtwarciaMa>0.00</BilansOtwarciaMa>
        <ObrotyWinien>0.00</ObrotyWinien>
        <ObrotyMa>0.00</ObrotyMa>
        <ObrotyWinienNarast>0.00</ObrotyWinienNarast>
        <ObrotyMaNarast>0.00</ObrotyMaNarast>
        <SaldoWinien>0.00</SaldoWinien>
        <SaldoMa>-0.00</SaldoMa>
    </ZOiS>

    <ZOiS  typ="G" >
        <KodKonta>010-03</KodKonta>
        <OpisKonta>ŚRODKI TRWAŁE GRUPA 3</OpisKonta>
        <TypKonta>bilansowe</TypKonta>
        <KodZespolu>0</KodZespolu>
        <OpisZespolu>ŚRODKI TRW</OpisZespolu>
        <KodKategorii>kodk</KodKategorii>
        <OpisKategorii>opisk</OpisKategorii>
        <BilansOtwarciaWinien>0.00</BilansOtwarciaWinien>
        <BilansOtwarciaMa>0.00</BilansOtwarciaMa>
        <ObrotyWinien>0.00</ObrotyWinien>
        <ObrotyMa>0.00</ObrotyMa>
        <ObrotyWinienNarast>0.00</ObrotyWinienNarast>
        <ObrotyMaNarast>0.00</ObrotyMaNarast>
        <SaldoWinien>0.00</SaldoWinien>
        <SaldoMa>-0.00</SaldoMa>
    </ZOiS>

    <ZOiS  typ="G" >
        <KodKonta>010-04</KodKonta>
        <OpisKonta>ŚRODKI TRWAŁE GRUPA 4</OpisKonta>
        <TypKonta>bilansowe</TypKonta>
        <KodZespolu>0</KodZespolu>
        <OpisZespolu>ŚRODKI TRW</OpisZespolu>
        <KodKategorii>kodk</KodKategorii>
        <OpisKategorii>opisk</OpisKategorii>
        <BilansOtwarciaWinien>0.00</BilansOtwarciaWinien>
        <BilansOtwarciaMa>0.00</BilansOtwarciaMa>
        <ObrotyWinien>2890.00</ObrotyWinien>
        <ObrotyMa>0.00</ObrotyMa>
        <ObrotyWinienNarast>2890.00</ObrotyWinienNarast>
        <ObrotyMaNarast>0.00</ObrotyMaNarast>
        <SaldoWinien>2890.00</SaldoWinien>
        <SaldoMa>0.00</SaldoMa>
    </ZOiS>

    <ZOiS  typ="G" >
        <KodKonta>010-05</KodKonta>
        <OpisKonta>ŚRODKI TRWAŁE GRUPA 5</OpisKonta>
        <TypKonta>bilansowe</TypKonta>
        <KodZespolu>0</KodZespolu>
        <OpisZespolu>ŚRODKI TRW</OpisZespolu>
        <KodKategorii>kodk</KodKategorii>
        <OpisKategorii>opisk</OpisKategorii>
        <BilansOtwarciaWinien>0.00</BilansOtwarciaWinien>
        <BilansOtwarciaMa>0.00</BilansOtwarciaMa>
        <ObrotyWinien>0.00</ObrotyWinien>
        <ObrotyMa>0.00</ObrotyMa>
        <ObrotyWinienNarast>0.00</ObrotyWinienNarast>
        <ObrotyMaNarast>0.00</ObrotyMaNarast>
        <SaldoWinien>0.00</SaldoWinien>
        <SaldoMa>-0.00</SaldoMa>
    </ZOiS>

    <ZOiS  typ="G" >
        <KodKonta>010-06</KodKonta>
        <OpisKonta>ŚRODKI TRWAŁE GRUPA 6</OpisKonta>
        <TypKonta>bilansowe</TypKonta>
        <KodZespolu>0</KodZespolu>
        <OpisZespolu>ŚRODKI TRW</OpisZespolu>
        <KodKategorii>kodk</KodKategorii>
        <OpisKategorii>opisk</OpisKategorii>
        <BilansOtwarciaWinien>0.00</BilansOtwarciaWinien>
        <BilansOtwarciaMa>0.00</BilansOtwarciaMa>
        <ObrotyWinien>0.00</ObrotyWinien>
        <ObrotyMa>0.00</ObrotyMa>
        <ObrotyWinienNarast>0.00</ObrotyWinienNarast>
        <ObrotyMaNarast>0.00</ObrotyMaNarast>
        <SaldoWinien>0.00</SaldoWinien>
        <SaldoMa>-0.00</SaldoMa>
    </ZOiS>

    <ZOiS  typ="G" >
        <KodKonta>010-07</KodKonta>
        <OpisKonta>ŚRODKI TRWAŁE GRUPA 7</OpisKonta>
        <TypKonta>bilansowe</TypKonta>
        <KodZespolu>0</KodZespolu>
        <OpisZespolu>ŚRODKI TRW</OpisZespolu>
        <KodKategorii>kodk</KodKategorii>
        <OpisKategorii>opisk</OpisKategorii>
        <BilansOtwarciaWinien>0.00</BilansOtwarciaWinien>
        <BilansOtwarciaMa>0.00</BilansOtwarciaMa>
        <ObrotyWinien>0.00</ObrotyWinien>
        <ObrotyMa>0.00</ObrotyMa>
        <ObrotyWinienNarast>0.00</ObrotyWinienNarast>
        <ObrotyMaNarast>0.00</ObrotyMaNarast>
        <SaldoWinien>0.00</SaldoWinien>
        <SaldoMa>-0.00</SaldoMa>
    </ZOiS>

    <ZOiS  typ="G" >
        <KodKonta>010-08</KodKonta>
        <OpisKonta>ŚRODKI TRWAŁE GRUPA 8</OpisKonta>
        <TypKonta>bilansowe</TypKonta>
        <KodZespolu>0</KodZespolu>
        <OpisZespolu>ŚRODKI TRW</OpisZespolu>
        <KodKategorii>kodk</KodKategorii>
        <OpisKategorii>opisk</OpisKategorii>
        <BilansOtwarciaWinien>0.00</BilansOtwarciaWinien>
        <BilansOtwarciaMa>0.00</BilansOtwarciaMa>
        <ObrotyWinien>0.00</ObrotyWinien>
        <ObrotyMa>0.00</ObrotyMa>
        <ObrotyWinienNarast>0.00</ObrotyWinienNarast>
        <ObrotyMaNarast>0.00</ObrotyMaNarast>
        <SaldoWinien>0.00</SaldoWinien>
        <SaldoMa>-0.00</SaldoMa>
    </ZOiS>

    <ZOiS  typ="G" >
        <KodKonta>010-09</KodKonta>
        <OpisKonta>ŚRODKI TRWAŁE TYPU WYPOSAŻENIA</OpisKonta>
        <TypKonta>bilansowe</TypKonta>
        <KodZespolu>0</KodZespolu>
        <OpisZespolu>ŚRODKI TRW</OpisZespolu>
        <KodKategorii>kodk</KodKategorii>
        <OpisKategorii>opisk</OpisKategorii>
        <BilansOtwarciaWinien>0.00</BilansOtwarciaWinien>
        <BilansOtwarciaMa>0.00</BilansOtwarciaMa>
        <ObrotyWinien>0.00</ObrotyWinien>
        <ObrotyMa>0.00</ObrotyMa>
        <ObrotyWinienNarast>0.00</ObrotyWinienNarast>
        <ObrotyMaNarast>0.00</ObrotyMaNarast>
        <SaldoWinien>0.00</SaldoWinien>
        <SaldoMa>-0.00</SaldoMa>
    </ZOiS>

    <ZOiS  typ="G" >
        <KodKonta>011</KodKonta>
        <OpisKonta>INWESTYCJE W OBCYCH OBIEKTACH </OpisKonta>
        <TypKonta>bilansowe</TypKonta>
        <KodZespolu>0</KodZespolu>
        <OpisZespolu>INWESTYCJE</OpisZespolu>
        <KodKategorii>kodk</KodKategorii>
        <OpisKategorii>opisk</OpisKategorii>
        <BilansOtwarciaWinien>0.00</BilansOtwarciaWinien>
        <BilansOtwarciaMa>0.00</BilansOtwarciaMa>
        <ObrotyWinien>0.00</ObrotyWinien>
        <ObrotyMa>0.00</ObrotyMa>
        <ObrotyWinienNarast>0.00</ObrotyWinienNarast>
        <ObrotyMaNarast>0.00</ObrotyMaNarast>
        <SaldoWinien>0.00</SaldoWinien>
        <SaldoMa>-0.00</SaldoMa>
    </ZOiS>

    <ZOiS  typ="G" >
        <KodKonta>011-01</KodKonta>
        <OpisKonta>INWESTYCJE W OBCYCH OBIEKTACH</OpisKonta>
        <TypKonta>bilansowe</TypKonta>
        <KodZespolu>0</KodZespolu>
        <OpisZespolu>INWESTYCJE</OpisZespolu>
        <KodKategorii>kodk</KodKategorii>
        <OpisKategorii>opisk</OpisKategorii>
        <BilansOtwarciaWinien>0.00</BilansOtwarciaWinien>
        <BilansOtwarciaMa>0.00</BilansOtwarciaMa>
        <ObrotyWinien>0.00</ObrotyWinien>
        <ObrotyMa>0.00</ObrotyMa>
        <ObrotyWinienNarast>0.00</ObrotyWinienNarast>
        <ObrotyMaNarast>0.00</ObrotyMaNarast>
        <SaldoWinien>0.00</SaldoWinien>
        <SaldoMa>-0.00</SaldoMa>
    </ZOiS>

    <ZOiS  typ="G" >
        <KodKonta>020</KodKonta>
        <OpisKonta>WARTOŚCI NIEMATERIALNE, PRAWNE</OpisKonta>
        <TypKonta>bilansowe</TypKonta>
        <KodZespolu>0</KodZespolu>
        <OpisZespolu>WARTOŚCI N</OpisZespolu>
        <KodKategorii>kodk</KodKategorii>
        <OpisKategorii>opisk</OpisKategorii>
        <BilansOtwarciaWinien>0.00</BilansOtwarciaWinien>
        <BilansOtwarciaMa>0.00</BilansOtwarciaMa>
        <ObrotyWinien>0.00</ObrotyWinien>
        <ObrotyMa>0.00</ObrotyMa>
        <ObrotyWinienNarast>0.00</ObrotyWinienNarast>
        <ObrotyMaNarast>0.00</ObrotyMaNarast>
        <SaldoWinien>0.00</SaldoWinien>
        <SaldoMa>-0.00</SaldoMa>
    </ZOiS>

    <ZOiS  typ="G" >
        <KodKonta>020-01</KodKonta>
        <OpisKonta>WARTOŚCI NIEMATERIALNE, PRAWNE</OpisKonta>
        <TypKonta>bilansowe</TypKonta>
        <KodZespolu>0</KodZespolu>
        <OpisZespolu>WARTOŚCI N</OpisZespolu>
        <KodKategorii>kodk</KodKategorii>
        <OpisKategorii>opisk</OpisKategorii>
        <BilansOtwarciaWinien>0.00</BilansOtwarciaWinien>
        <BilansOtwarciaMa>0.00</BilansOtwarciaMa>
        <ObrotyWinien>0.00</ObrotyWinien>
        <ObrotyMa>0.00</ObrotyMa>
        <ObrotyWinienNarast>0.00</ObrotyWinienNarast>
        <ObrotyMaNarast>0.00</ObrotyMaNarast>
        <SaldoWinien>0.00</SaldoWinien>
        <SaldoMa>-0.00</SaldoMa>
    </ZOiS>

    <ZOiS  typ="G" >
        <KodKonta>020-02</KodKonta>
        <OpisKonta>OPROGRAMOWANIE KOMPUTERÓW     </OpisKonta>
        <TypKonta>bilansowe</TypKonta>
        <KodZespolu>0</KodZespolu>
        <OpisZespolu>OPROGRAMOW</OpisZespolu>
        <KodKategorii>kodk</KodKategorii>
        <OpisKategorii>opisk</OpisKategorii>
        <BilansOtwarciaWinien>0.00</BilansOtwarciaWinien>
        <BilansOtwarciaMa>0.00</BilansOtwarciaMa>
        <ObrotyWinien>0.00</ObrotyWinien>
        <ObrotyMa>0.00</ObrotyMa>
        <ObrotyWinienNarast>0.00</ObrotyWinienNarast>
        <ObrotyMaNarast>0.00</ObrotyMaNarast>
        <SaldoWinien>0.00</SaldoWinien>
        <SaldoMa>-0.00</SaldoMa>
    </ZOiS>

    <ZOiS  typ="G" >
        <KodKonta>020-03</KodKonta>
        <OpisKonta>PATENTY I WYNALAZKI           </OpisKonta>
        <TypKonta>bilansowe</TypKonta>
        <KodZespolu>0</KodZespolu>
        <OpisZespolu>PATENTY I </OpisZespolu>
        <KodKategorii>kodk</KodKategorii>
        <OpisKategorii>opisk</OpisKategorii>
        <BilansOtwarciaWinien>0.00</BilansOtwarciaWinien>
        <BilansOtwarciaMa>0.00</BilansOtwarciaMa>
        <ObrotyWinien>0.00</ObrotyWinien>
        <ObrotyMa>0.00</ObrotyMa>
        <ObrotyWinienNarast>0.00</ObrotyWinienNarast>
        <ObrotyMaNarast>0.00</ObrotyMaNarast>
        <SaldoWinien>0.00</SaldoWinien>
        <SaldoMa>-0.00</SaldoMa>
    </ZOiS>

    <ZOiS  typ="G" >
        <KodKonta>020-04</KodKonta>
        <OpisKonta>INNE WARTOŚCI PRAW.I NIEMATER.</OpisKonta>
        <TypKonta>bilansowe</TypKonta>
        <KodZespolu>0</KodZespolu>
        <OpisZespolu>INNE WARTO</OpisZespolu>
        <KodKategorii>kodk</KodKategorii>
        <OpisKategorii>opisk</OpisKategorii>
        <BilansOtwarciaWinien>0.00</BilansOtwarciaWinien>
        <BilansOtwarciaMa>0.00</BilansOtwarciaMa>
        <ObrotyWinien>0.00</ObrotyWinien>
        <ObrotyMa>0.00</ObrotyMa>
        <ObrotyWinienNarast>0.00</ObrotyWinienNarast>
        <ObrotyMaNarast>0.00</ObrotyMaNarast>
        <SaldoWinien>0.00</SaldoWinien>
        <SaldoMa>-0.00</SaldoMa>
    </ZOiS>

    <ZOiS  typ="G" >
        <KodKonta>030</KodKonta>
        <OpisKonta>UDZIAŁY W OBCYCH PODMIOTACH   </OpisKonta>
        <TypKonta>bilansowe</TypKonta>
        <KodZespolu>0</KodZespolu>
        <OpisZespolu>UDZIAŁY W </OpisZespolu>
        <KodKategorii>kodk</KodKategorii>
        <OpisKategorii>opisk</OpisKategorii>
        <BilansOtwarciaWinien>0.00</BilansOtwarciaWinien>
        <BilansOtwarciaMa>0.00</BilansOtwarciaMa>
        <ObrotyWinien>0.00</ObrotyWinien>
        <ObrotyMa>0.00</ObrotyMa>
        <ObrotyWinienNarast>0.00</ObrotyWinienNarast>
        <ObrotyMaNarast>0.00</ObrotyMaNarast>
        <SaldoWinien>0.00</SaldoWinien>
        <SaldoMa>-0.00</SaldoMa>
    </ZOiS>

    <ZOiS  typ="G" >
        <KodKonta>030-01</KodKonta>
        <OpisKonta>UDZIAŁY W INNYCH PODMIOTACH</OpisKonta>
        <TypKonta>bilansowe</TypKonta>
        <KodZespolu>0</KodZespolu>
        <OpisZespolu>UDZIAŁY W </OpisZespolu>
        <KodKategorii>kodk</KodKategorii>
        <OpisKategorii>opisk</OpisKategorii>
        <BilansOtwarciaWinien>0.00</BilansOtwarciaWinien>
        <BilansOtwarciaMa>0.00</BilansOtwarciaMa>
        <ObrotyWinien>0.00</ObrotyWinien>
        <ObrotyMa>0.00</ObrotyMa>
        <ObrotyWinienNarast>0.00</ObrotyWinienNarast>
        <ObrotyMaNarast>0.00</ObrotyMaNarast>
        <SaldoWinien>0.00</SaldoWinien>
        <SaldoMa>-0.00</SaldoMa>
    </ZOiS>

    <ZOiS  typ="G" >
        <KodKonta>030-02</KodKonta>
        <OpisKonta>POŻYCZKI DŁUGOTERMINOWE       </OpisKonta>
        <TypKonta>bilansowe</TypKonta>
        <KodZespolu>0</KodZespolu>
        <OpisZespolu>POŻYCZKI D</OpisZespolu>
        <KodKategorii>kodk</KodKategorii>
        <OpisKategorii>opisk</OpisKategorii>
        <BilansOtwarciaWinien>0.00</BilansOtwarciaWinien>
        <BilansOtwarciaMa>0.00</BilansOtwarciaMa>
        <ObrotyWinien>0.00</ObrotyWinien>
        <ObrotyMa>0.00</ObrotyMa>
        <ObrotyWinienNarast>0.00</ObrotyWinienNarast>
        <ObrotyMaNarast>0.00</ObrotyMaNarast>
        <SaldoWinien>0.00</SaldoWinien>
        <SaldoMa>-0.00</SaldoMa>
    </ZOiS>

    <ZOiS  typ="G" >
        <KodKonta>030-03</KodKonta>
        <OpisKonta>DŁUGOTERM.PAPIERY WARTOŚCIOWE</OpisKonta>
        <TypKonta>bilansowe</TypKonta>
        <KodZespolu>0</KodZespolu>
        <OpisZespolu>DŁUGOTERM.</OpisZespolu>
        <KodKategorii>kodk</KodKategorii>
        <OpisKategorii>opisk</OpisKategorii>
        <BilansOtwarciaWinien>0.00</BilansOtwarciaWinien>
        <BilansOtwarciaMa>0.00</BilansOtwarciaMa>
        <ObrotyWinien>0.00</ObrotyWinien>
        <ObrotyMa>0.00</ObrotyMa>
        <ObrotyWinienNarast>0.00</ObrotyWinienNarast>
        <ObrotyMaNarast>0.00</ObrotyMaNarast>
        <SaldoWinien>0.00</SaldoWinien>
        <SaldoMa>-0.00</SaldoMa>
    </ZOiS>

    <ZOiS  typ="G" >
        <KodKonta>030-04</KodKonta>
        <OpisKonta>INNE FINANSOWE SKŁADNIKI MAJĄT</OpisKonta>
        <TypKonta>bilansowe</TypKonta>
        <KodZespolu>0</KodZespolu>
        <OpisZespolu>INNE FINAN</OpisZespolu>
        <KodKategorii>kodk</KodKategorii>
        <OpisKategorii>opisk</OpisKategorii>
        <BilansOtwarciaWinien>0.00</BilansOtwarciaWinien>
        <BilansOtwarciaMa>0.00</BilansOtwarciaMa>
        <ObrotyWinien>0.00</ObrotyWinien>
        <ObrotyMa>0.00</ObrotyMa>
        <ObrotyWinienNarast>0.00</ObrotyWinienNarast>
        <ObrotyMaNarast>0.00</ObrotyMaNarast>
        <SaldoWinien>0.00</SaldoWinien>
        <SaldoMa>-0.00</SaldoMa>
    </ZOiS>

    <ZOiS  typ="G" >
        <KodKonta>070</KodKonta>
        <OpisKonta>UMORZENIE ŚRODKÓW TRWAŁYCH</OpisKonta>
        <TypKonta>bilansowe</TypKonta>
        <KodZespolu>0</KodZespolu>
        <OpisZespolu>UMORZENIE </OpisZespolu>
        <KodKategorii>kodk</KodKategorii>
        <OpisKategorii>opisk</OpisKategorii>
        <BilansOtwarciaWinien>0.00</BilansOtwarciaWinien>
        <BilansOtwarciaMa>0.00</BilansOtwarciaMa>
        <ObrotyWinien>0.00</ObrotyWinien>
        <ObrotyMa>0.00</ObrotyMa>
        <ObrotyWinienNarast>0.00</ObrotyWinienNarast>
        <ObrotyMaNarast>0.00</ObrotyMaNarast>
        <SaldoWinien>0.00</SaldoWinien>
        <SaldoMa>-0.00</SaldoMa>
    </ZOiS>

    <ZOiS  typ="G" >
        <KodKonta>070-01</KodKonta>
        <OpisKonta>UMORZENIE ŚRODKÓW TRWAŁYCH GR1</OpisKonta>
        <TypKonta>bilansowe</TypKonta>
        <KodZespolu>0</KodZespolu>
        <OpisZespolu>UMORZENIE </OpisZespolu>
        <KodKategorii>kodk</KodKategorii>
        <OpisKategorii>opisk</OpisKategorii>
        <BilansOtwarciaWinien>0.00</BilansOtwarciaWinien>
        <BilansOtwarciaMa>0.00</BilansOtwarciaMa>
        <ObrotyWinien>0.00</ObrotyWinien>
        <ObrotyMa>0.00</ObrotyMa>
        <ObrotyWinienNarast>0.00</ObrotyWinienNarast>
        <ObrotyMaNarast>0.00</ObrotyMaNarast>
        <SaldoWinien>0.00</SaldoWinien>
        <SaldoMa>-0.00</SaldoMa>
    </ZOiS>

    <ZOiS  typ="G" >
        <KodKonta>070-02</KodKonta>
        <OpisKonta>UMORZENIE ŚRODKÓW TRWAŁYCH GR2</OpisKonta>
        <TypKonta>bilansowe</TypKonta>
        <KodZespolu>0</KodZespolu>
        <OpisZespolu>UMORZENIE </OpisZespolu>
        <KodKategorii>kodk</KodKategorii>
        <OpisKategorii>opisk</OpisKategorii>
        <BilansOtwarciaWinien>0.00</BilansOtwarciaWinien>
        <BilansOtwarciaMa>0.00</BilansOtwarciaMa>
        <ObrotyWinien>0.00</ObrotyWinien>
        <ObrotyMa>0.00</ObrotyMa>
        <ObrotyWinienNarast>0.00</ObrotyWinienNarast>
        <ObrotyMaNarast>0.00</ObrotyMaNarast>
        <SaldoWinien>0.00</SaldoWinien>
        <SaldoMa>-0.00</SaldoMa>
    </ZOiS>

    <ZOiS  typ="G" >
        <KodKonta>070-03</KodKonta>
        <OpisKonta>UMORZENIE ŚRODKÓW TRWAŁYCH GR3</OpisKonta>
        <TypKonta>bilansowe</TypKonta>
        <KodZespolu>0</KodZespolu>
        <OpisZespolu>UMORZENIE </OpisZespolu>
        <KodKategorii>kodk</KodKategorii>
        <OpisKategorii>opisk</OpisKategorii>
        <BilansOtwarciaWinien>0.00</BilansOtwarciaWinien>
        <BilansOtwarciaMa>0.00</BilansOtwarciaMa>
        <ObrotyWinien>0.00</ObrotyWinien>
        <ObrotyMa>0.00</ObrotyMa>
        <ObrotyWinienNarast>0.00</ObrotyWinienNarast>
        <ObrotyMaNarast>0.00</ObrotyMaNarast>
        <SaldoWinien>0.00</SaldoWinien>
        <SaldoMa>-0.00</SaldoMa>
    </ZOiS>

    <ZOiS  typ="G" >
        <KodKonta>070-04</KodKonta>
        <OpisKonta>UMORZENIE ŚRODKÓW TRWAŁYCH GR4</OpisKonta>
        <TypKonta>bilansowe</TypKonta>
        <KodZespolu>0</KodZespolu>
        <OpisZespolu>UMORZENIE </OpisZespolu>
        <KodKategorii>kodk</KodKategorii>
        <OpisKategorii>opisk</OpisKategorii>
        <BilansOtwarciaWinien>0.00</BilansOtwarciaWinien>
        <BilansOtwarciaMa>0.00</BilansOtwarciaMa>
        <ObrotyWinien>0.00</ObrotyWinien>
        <ObrotyMa>2850.00</ObrotyMa>
        <ObrotyWinienNarast>0.00</ObrotyWinienNarast>
        <ObrotyMaNarast>2850.00</ObrotyMaNarast>
        <SaldoWinien>0.00</SaldoWinien>
        <SaldoMa>2850.00</SaldoMa>
    </ZOiS>

    <ZOiS  typ="G" >
        <KodKonta>070-05</KodKonta>
        <OpisKonta>UMORZENIE ŚRODKÓW TRWAŁYCH GR5</OpisKonta>
        <TypKonta>bilansowe</TypKonta>
        <KodZespolu>0</KodZespolu>
        <OpisZespolu>UMORZENIE </OpisZespolu>
        <KodKategorii>kodk</KodKategorii>
        <OpisKategorii>opisk</OpisKategorii>
        <BilansOtwarciaWinien>0.00</BilansOtwarciaWinien>
        <BilansOtwarciaMa>0.00</BilansOtwarciaMa>
        <ObrotyWinien>0.00</ObrotyWinien>
        <ObrotyMa>0.00</ObrotyMa>
        <ObrotyWinienNarast>0.00</ObrotyWinienNarast>
        <ObrotyMaNarast>0.00</ObrotyMaNarast>
        <SaldoWinien>0.00</SaldoWinien>
        <SaldoMa>-0.00</SaldoMa>
    </ZOiS>

    <ZOiS  typ="G" >
        <KodKonta>070-06</KodKonta>
        <OpisKonta>UMORZENIE ŚRODKÓW TRWAŁYCH GR6</OpisKonta>
        <TypKonta>bilansowe</TypKonta>
        <KodZespolu>0</KodZespolu>
        <OpisZespolu>UMORZENIE </OpisZespolu>
        <KodKategorii>kodk</KodKategorii>
        <OpisKategorii>opisk</OpisKategorii>
        <BilansOtwarciaWinien>0.00</BilansOtwarciaWinien>
        <BilansOtwarciaMa>0.00</BilansOtwarciaMa>
        <ObrotyWinien>0.00</ObrotyWinien>
        <ObrotyMa>0.00</ObrotyMa>
        <ObrotyWinienNarast>0.00</ObrotyWinienNarast>
        <ObrotyMaNarast>0.00</ObrotyMaNarast>
        <SaldoWinien>0.00</SaldoWinien>
        <SaldoMa>-0.00</SaldoMa>
    </ZOiS>

    <ZOiS  typ="G" >
        <KodKonta>070-07</KodKonta>
        <OpisKonta>UMORZENIE ŚRODKÓW TRWAŁYCH GR7</OpisKonta>
        <TypKonta>bilansowe</TypKonta>
        <KodZespolu>0</KodZespolu>
        <OpisZespolu>UMORZENIE </OpisZespolu>
        <KodKategorii>kodk</KodKategorii>
        <OpisKategorii>opisk</OpisKategorii>
        <BilansOtwarciaWinien>0.00</BilansOtwarciaWinien>
        <BilansOtwarciaMa>0.00</BilansOtwarciaMa>
        <ObrotyWinien>0.00</ObrotyWinien>
        <ObrotyMa>0.00</ObrotyMa>
        <ObrotyWinienNarast>0.00</ObrotyWinienNarast>
        <ObrotyMaNarast>0.00</ObrotyMaNarast>
        <SaldoWinien>0.00</SaldoWinien>
        <SaldoMa>-0.00</SaldoMa>
    </ZOiS>

    <ZOiS  typ="G" >
        <KodKonta>070-08</KodKonta>
        <OpisKonta>UMORZENIE ŚRODKÓW TRWAŁYCH GR8</OpisKonta>
        <TypKonta>bilansowe</TypKonta>
        <KodZespolu>0</KodZespolu>
        <OpisZespolu>UMORZENIE </OpisZespolu>
        <KodKategorii>kodk</KodKategorii>
        <OpisKategorii>opisk</OpisKategorii>
        <BilansOtwarciaWinien>0.00</BilansOtwarciaWinien>
        <BilansOtwarciaMa>0.00</BilansOtwarciaMa>
        <ObrotyWinien>0.00</ObrotyWinien>
        <ObrotyMa>0.00</ObrotyMa>
        <ObrotyWinienNarast>0.00</ObrotyWinienNarast>
        <ObrotyMaNarast>0.00</ObrotyMaNarast>
        <SaldoWinien>0.00</SaldoWinien>
        <SaldoMa>-0.00</SaldoMa>
    </ZOiS>

    <ZOiS  typ="G" >
        <KodKonta>070-09</KodKonta>
        <OpisKonta>UMORZENIE ŚR.TRW.TYPU WYPOSAŻ.</OpisKonta>
        <TypKonta>bilansowe</TypKonta>
        <KodZespolu>0</KodZespolu>
        <OpisZespolu>UMORZENIE </OpisZespolu>
        <KodKategorii>kodk</KodKategorii>
        <OpisKategorii>opisk</OpisKategorii>
        <BilansOtwarciaWinien>0.00</BilansOtwarciaWinien>
        <BilansOtwarciaMa>0.00</BilansOtwarciaMa>
        <ObrotyWinien>0.00</ObrotyWinien>
        <ObrotyMa>0.00</ObrotyMa>
        <ObrotyWinienNarast>0.00</ObrotyWinienNarast>
        <ObrotyMaNarast>0.00</ObrotyMaNarast>
        <SaldoWinien>0.00</SaldoWinien>
        <SaldoMa>-0.00</SaldoMa>
    </ZOiS>

    <ZOiS  typ="G" >
        <KodKonta>071</KodKonta>
        <OpisKonta>UMORZEN.INW.W OBCYCH OBIEKTACH</OpisKonta>
        <TypKonta>bilansowe</TypKonta>
        <KodZespolu>0</KodZespolu>
        <OpisZespolu>UMORZEN.IN</OpisZespolu>
        <KodKategorii>kodk</KodKategorii>
        <OpisKategorii>opisk</OpisKategorii>
        <BilansOtwarciaWinien>0.00</BilansOtwarciaWinien>
        <BilansOtwarciaMa>0.00</BilansOtwarciaMa>
        <ObrotyWinien>0.00</ObrotyWinien>
        <ObrotyMa>0.00</ObrotyMa>
        <ObrotyWinienNarast>0.00</ObrotyWinienNarast>
        <ObrotyMaNarast>0.00</ObrotyMaNarast>
        <SaldoWinien>0.00</SaldoWinien>
        <SaldoMa>-0.00</SaldoMa>
    </ZOiS>

    <ZOiS  typ="G" >
        <KodKonta>071-01</KodKonta>
        <OpisKonta>UMORZEN.INW.W OBCYCH OBIEKTACH</OpisKonta>
        <TypKonta>bilansowe</TypKonta>
        <KodZespolu>0</KodZespolu>
        <OpisZespolu>UMORZEN.IN</OpisZespolu>
        <KodKategorii>kodk</KodKategorii>
        <OpisKategorii>opisk</OpisKategorii>
        <BilansOtwarciaWinien>0.00</BilansOtwarciaWinien>
        <BilansOtwarciaMa>0.00</BilansOtwarciaMa>
        <ObrotyWinien>0.00</ObrotyWinien>
        <ObrotyMa>0.00</ObrotyMa>
        <ObrotyWinienNarast>0.00</ObrotyWinienNarast>
        <ObrotyMaNarast>0.00</ObrotyMaNarast>
        <SaldoWinien>0.00</SaldoWinien>
        <SaldoMa>-0.00</SaldoMa>
    </ZOiS>

    <ZOiS  typ="G" >
        <KodKonta>072</KodKonta>
        <OpisKonta>UMORZENIE WART.NIEMATER.,PRAWN</OpisKonta>
        <TypKonta>bilansowe</TypKonta>
        <KodZespolu>0</KodZespolu>
        <OpisZespolu>UMORZENIE </OpisZespolu>
        <KodKategorii>kodk</KodKategorii>
        <OpisKategorii>opisk</OpisKategorii>
        <BilansOtwarciaWinien>0.00</BilansOtwarciaWinien>
        <BilansOtwarciaMa>0.00</BilansOtwarciaMa>
        <ObrotyWinien>0.00</ObrotyWinien>
        <ObrotyMa>0.00</ObrotyMa>
        <ObrotyWinienNarast>0.00</ObrotyWinienNarast>
        <ObrotyMaNarast>0.00</ObrotyMaNarast>
        <SaldoWinien>0.00</SaldoWinien>
        <SaldoMa>-0.00</SaldoMa>
    </ZOiS>

    <ZOiS  typ="G" >
        <KodKonta>072-01</KodKonta>
        <OpisKonta>UMORZENIE WARTOŚCI PRAWNYCH</OpisKonta>
        <TypKonta>bilansowe</TypKonta>
        <KodZespolu>0</KodZespolu>
        <OpisZespolu>UMORZENIE </OpisZespolu>
        <KodKategorii>kodk</KodKategorii>
        <OpisKategorii>opisk</OpisKategorii>
        <BilansOtwarciaWinien>0.00</BilansOtwarciaWinien>
        <BilansOtwarciaMa>0.00</BilansOtwarciaMa>
        <ObrotyWinien>0.00</ObrotyWinien>
        <ObrotyMa>0.00</ObrotyMa>
        <ObrotyWinienNarast>0.00</ObrotyWinienNarast>
        <ObrotyMaNarast>0.00</ObrotyMaNarast>
        <SaldoWinien>0.00</SaldoWinien>
        <SaldoMa>-0.00</SaldoMa>
    </ZOiS>

    <ZOiS  typ="G" >
        <KodKonta>072-02</KodKonta>
        <OpisKonta>UMORZENIE WARTOŚCI PRAWNYCH</OpisKonta>
        <TypKonta>bilansowe</TypKonta>
        <KodZespolu>0</KodZespolu>
        <OpisZespolu>UMORZENIE </OpisZespolu>
        <KodKategorii>kodk</KodKategorii>
        <OpisKategorii>opisk</OpisKategorii>
        <BilansOtwarciaWinien>0.00</BilansOtwarciaWinien>
        <BilansOtwarciaMa>0.00</BilansOtwarciaMa>
        <ObrotyWinien>0.00</ObrotyWinien>
        <ObrotyMa>0.00</ObrotyMa>
        <ObrotyWinienNarast>0.00</ObrotyWinienNarast>
        <ObrotyMaNarast>0.00</ObrotyMaNarast>
        <SaldoWinien>0.00</SaldoWinien>
        <SaldoMa>-0.00</SaldoMa>
    </ZOiS>

    <ZOiS  typ="G" >
        <KodKonta>080</KodKonta>
        <OpisKonta>INWESTYCJE ROZPOCZĘTE         </OpisKonta>
        <TypKonta>bilansowe</TypKonta>
        <KodZespolu>0</KodZespolu>
        <OpisZespolu>INWESTYCJE</OpisZespolu>
        <KodKategorii>kodk</KodKategorii>
        <OpisKategorii>opisk</OpisKategorii>
        <BilansOtwarciaWinien>0.00</BilansOtwarciaWinien>
        <BilansOtwarciaMa>0.00</BilansOtwarciaMa>
        <ObrotyWinien>0.00</ObrotyWinien>
        <ObrotyMa>0.00</ObrotyMa>
        <ObrotyWinienNarast>0.00</ObrotyWinienNarast>
        <ObrotyMaNarast>0.00</ObrotyMaNarast>
        <SaldoWinien>0.00</SaldoWinien>
        <SaldoMa>-0.00</SaldoMa>
    </ZOiS>

    <ZOiS  typ="G" >
        <KodKonta>080-01</KodKonta>
        <OpisKonta>INWESTYCJE ROZPOCZĘTE 01</OpisKonta>
        <TypKonta>bilansowe</TypKonta>
        <KodZespolu>0</KodZespolu>
        <OpisZespolu>INWESTYCJE</OpisZespolu>
        <KodKategorii>kodk</KodKategorii>
        <OpisKategorii>opisk</OpisKategorii>
        <BilansOtwarciaWinien>0.00</BilansOtwarciaWinien>
        <BilansOtwarciaMa>0.00</BilansOtwarciaMa>
        <ObrotyWinien>0.00</ObrotyWinien>
        <ObrotyMa>0.00</ObrotyMa>
        <ObrotyWinienNarast>0.00</ObrotyWinienNarast>
        <ObrotyMaNarast>0.00</ObrotyMaNarast>
        <SaldoWinien>0.00</SaldoWinien>
        <SaldoMa>-0.00</SaldoMa>
    </ZOiS>

    <ZOiS  typ="G" >
        <KodKonta>090</KodKonta>
        <OpisKonta>UMORZENIE WARTOŚCI FIRMY</OpisKonta>
        <TypKonta>bilansowe</TypKonta>
        <KodZespolu>0</KodZespolu>
        <OpisZespolu>UMORZENIE </OpisZespolu>
        <KodKategorii>kodk</KodKategorii>
        <OpisKategorii>opisk</OpisKategorii>
        <BilansOtwarciaWinien>0.00</BilansOtwarciaWinien>
        <BilansOtwarciaMa>0.00</BilansOtwarciaMa>
        <ObrotyWinien>0.00</ObrotyWinien>
        <ObrotyMa>0.00</ObrotyMa>
        <ObrotyWinienNarast>0.00</ObrotyWinienNarast>
        <ObrotyMaNarast>0.00</ObrotyMaNarast>
        <SaldoWinien>0.00</SaldoWinien>
        <SaldoMa>-0.00</SaldoMa>
    </ZOiS>

    <ZOiS  typ="G" >
        <KodKonta>090-01</KodKonta>
        <OpisKonta>UMORZENIE WARTOŚCI FIRMY</OpisKonta>
        <TypKonta>bilansowe</TypKonta>
        <KodZespolu>0</KodZespolu>
        <OpisZespolu>UMORZENIE </OpisZespolu>
        <KodKategorii>kodk</KodKategorii>
        <OpisKategorii>opisk</OpisKategorii>
        <BilansOtwarciaWinien>0.00</BilansOtwarciaWinien>
        <BilansOtwarciaMa>0.00</BilansOtwarciaMa>
        <ObrotyWinien>0.00</ObrotyWinien>
        <ObrotyMa>0.00</ObrotyMa>
        <ObrotyWinienNarast>0.00</ObrotyWinienNarast>
        <ObrotyMaNarast>0.00</ObrotyMaNarast>
        <SaldoWinien>0.00</SaldoWinien>
        <SaldoMa>-0.00</SaldoMa>
    </ZOiS>

    <ZOiS  typ="G" >
        <KodKonta>092</KodKonta>
        <OpisKonta>ŚRODKI TRWAŁE DZIERŻAWIONE</OpisKonta>
        <TypKonta>bilansowe</TypKonta>
        <KodZespolu>0</KodZespolu>
        <OpisZespolu>ŚRODKI TRW</OpisZespolu>
        <KodKategorii>kodk</KodKategorii>
        <OpisKategorii>opisk</OpisKategorii>
        <BilansOtwarciaWinien>0.00</BilansOtwarciaWinien>
        <BilansOtwarciaMa>0.00</BilansOtwarciaMa>
        <ObrotyWinien>0.00</ObrotyWinien>
        <ObrotyMa>0.00</ObrotyMa>
        <ObrotyWinienNarast>0.00</ObrotyWinienNarast>
        <ObrotyMaNarast>0.00</ObrotyMaNarast>
        <SaldoWinien>0.00</SaldoWinien>
        <SaldoMa>-0.00</SaldoMa>
    </ZOiS>

    <ZOiS  typ="G" >
        <KodKonta>092-01</KodKonta>
        <OpisKonta>ŚRODKI TRWAŁE DZIERŻAWIONE</OpisKonta>
        <TypKonta>bilansowe</TypKonta>
        <KodZespolu>0</KodZespolu>
        <OpisZespolu>ŚRODKI TRW</OpisZespolu>
        <KodKategorii>kodk</KodKategorii>
        <OpisKategorii>opisk</OpisKategorii>
        <BilansOtwarciaWinien>0.00</BilansOtwarciaWinien>
        <BilansOtwarciaMa>0.00</BilansOtwarciaMa>
        <ObrotyWinien>0.00</ObrotyWinien>
        <ObrotyMa>0.00</ObrotyMa>
        <ObrotyWinienNarast>0.00</ObrotyWinienNarast>
        <ObrotyMaNarast>0.00</ObrotyMaNarast>
        <SaldoWinien>0.00</SaldoWinien>
        <SaldoMa>-0.00</SaldoMa>
    </ZOiS>

    <ZOiS  typ="G" >
        <KodKonta>093</KodKonta>
        <OpisKonta>INNE OBCE ŚRODKI TRWAŁE</OpisKonta>
        <TypKonta>bilansowe</TypKonta>
        <KodZespolu>0</KodZespolu>
        <OpisZespolu>INNE OBCE </OpisZespolu>
        <KodKategorii>kodk</KodKategorii>
        <OpisKategorii>opisk</OpisKategorii>
        <BilansOtwarciaWinien>0.00</BilansOtwarciaWinien>
        <BilansOtwarciaMa>0.00</BilansOtwarciaMa>
        <ObrotyWinien>0.00</ObrotyWinien>
        <ObrotyMa>0.00</ObrotyMa>
        <ObrotyWinienNarast>0.00</ObrotyWinienNarast>
        <ObrotyMaNarast>0.00</ObrotyMaNarast>
        <SaldoWinien>0.00</SaldoWinien>
        <SaldoMa>-0.00</SaldoMa>
    </ZOiS>

    <ZOiS  typ="G" >
        <KodKonta>093-01</KodKonta>
        <OpisKonta>INNE OBCE ŚRODKI TRWAŁE</OpisKonta>
        <TypKonta>bilansowe</TypKonta>
        <KodZespolu>0</KodZespolu>
        <OpisZespolu>INNE OBCE </OpisZespolu>
        <KodKategorii>kodk</KodKategorii>
        <OpisKategorii>opisk</OpisKategorii>
        <BilansOtwarciaWinien>0.00</BilansOtwarciaWinien>
        <BilansOtwarciaMa>0.00</BilansOtwarciaMa>
        <ObrotyWinien>0.00</ObrotyWinien>
        <ObrotyMa>0.00</ObrotyMa>
        <ObrotyWinienNarast>0.00</ObrotyWinienNarast>
        <ObrotyMaNarast>0.00</ObrotyMaNarast>
        <SaldoWinien>0.00</SaldoWinien>
        <SaldoMa>-0.00</SaldoMa>
    </ZOiS>

    <ZOiS  typ="G" >
        <KodKonta>100</KodKonta>
        <OpisKonta>KASY</OpisKonta>
        <TypKonta>bilansowe</TypKonta>
        <KodZespolu>1</KodZespolu>
        <OpisZespolu>KASY</OpisZespolu>
        <KodKategorii>kodk</KodKategorii>
        <OpisKategorii>opisk</OpisKategorii>
        <BilansOtwarciaWinien>0.00</BilansOtwarciaWinien>
        <BilansOtwarciaMa>0.00</BilansOtwarciaMa>
        <ObrotyWinien>0.00</ObrotyWinien>
        <ObrotyMa>0.00</ObrotyMa>
        <ObrotyWinienNarast>0.00</ObrotyWinienNarast>
        <ObrotyMaNarast>0.00</ObrotyMaNarast>
        <SaldoWinien>0.00</SaldoWinien>
        <SaldoMa>-0.00</SaldoMa>
    </ZOiS>

    <ZOiS  typ="G" >
        <KodKonta>100-01</KodKonta>
        <OpisKonta>KASA GŁÓWNA</OpisKonta>
        <TypKonta>bilansowe</TypKonta>
        <KodZespolu>1</KodZespolu>
        <OpisZespolu>KASA GŁÓWN</OpisZespolu>
        <KodKategorii>kodk</KodKategorii>
        <OpisKategorii>opisk</OpisKategorii>
        <BilansOtwarciaWinien>0.00</BilansOtwarciaWinien>
        <BilansOtwarciaMa>0.00</BilansOtwarciaMa>
        <ObrotyWinien>0.00</ObrotyWinien>
        <ObrotyMa>0.00</ObrotyMa>
        <ObrotyWinienNarast>0.00</ObrotyWinienNarast>
        <ObrotyMaNarast>0.00</ObrotyMaNarast>
        <SaldoWinien>0.00</SaldoWinien>
        <SaldoMa>-0.00</SaldoMa>
    </ZOiS>

    <ZOiS  typ="G" >
        <KodKonta>100-02</KodKonta>
        <OpisKonta>KASA - 2</OpisKonta>
        <TypKonta>bilansowe</TypKonta>
        <KodZespolu>1</KodZespolu>
        <OpisZespolu>KASA - 2</OpisZespolu>
        <KodKategorii>kodk</KodKategorii>
        <OpisKategorii>opisk</OpisKategorii>
        <BilansOtwarciaWinien>0.00</BilansOtwarciaWinien>
        <BilansOtwarciaMa>0.00</BilansOtwarciaMa>
        <ObrotyWinien>0.00</ObrotyWinien>
        <ObrotyMa>0.00</ObrotyMa>
        <ObrotyWinienNarast>0.00</ObrotyWinienNarast>
        <ObrotyMaNarast>0.00</ObrotyMaNarast>
        <SaldoWinien>0.00</SaldoWinien>
        <SaldoMa>-0.00</SaldoMa>
    </ZOiS>

    <ZOiS  typ="G" >
        <KodKonta>100-03</KodKonta>
        <OpisKonta>KASA - DEWIZOWA EUR</OpisKonta>
        <TypKonta>bilansowe</TypKonta>
        <KodZespolu>1</KodZespolu>
        <OpisZespolu>KASA - DEW</OpisZespolu>
        <KodKategorii>kodk</KodKategorii>
        <OpisKategorii>opisk</OpisKategorii>
        <BilansOtwarciaWinien>0.00</BilansOtwarciaWinien>
        <BilansOtwarciaMa>0.00</BilansOtwarciaMa>
        <ObrotyWinien>0.00</ObrotyWinien>
        <ObrotyMa>0.00</ObrotyMa>
        <ObrotyWinienNarast>0.00</ObrotyWinienNarast>
        <ObrotyMaNarast>0.00</ObrotyMaNarast>
        <SaldoWinien>0.00</SaldoWinien>
        <SaldoMa>-0.00</SaldoMa>
    </ZOiS>

    <ZOiS  typ="G" >
        <KodKonta>130</KodKonta>
        <OpisKonta>RACHUNEK BIEŻĄCY - PODSTAWOWY </OpisKonta>
        <TypKonta>bilansowe</TypKonta>
        <KodZespolu>1</KodZespolu>
        <OpisZespolu>RACHUNEK B</OpisZespolu>
        <KodKategorii>kodk</KodKategorii>
        <OpisKategorii>opisk</OpisKategorii>
        <BilansOtwarciaWinien>50000.00</BilansOtwarciaWinien>
        <BilansOtwarciaMa>0.00</BilansOtwarciaMa>
        <ObrotyWinien>0.00</ObrotyWinien>
        <ObrotyMa>0.00</ObrotyMa>
        <ObrotyWinienNarast>0.00</ObrotyWinienNarast>
        <ObrotyMaNarast>0.00</ObrotyMaNarast>
        <SaldoWinien>50000.00</SaldoWinien>
        <SaldoMa>0.00</SaldoMa>
    </ZOiS>

    <ZOiS  typ="G" >
        <KodKonta>130-01</KodKonta>
        <OpisKonta>RACHUNEK BANKOWY PIERWSZY</OpisKonta>
        <TypKonta>bilansowe</TypKonta>
        <KodZespolu>1</KodZespolu>
        <OpisZespolu>RACHUNEK B</OpisZespolu>
        <KodKategorii>kodk</KodKategorii>
        <OpisKategorii>opisk</OpisKategorii>
        <BilansOtwarciaWinien>50000.00</BilansOtwarciaWinien>
        <BilansOtwarciaMa>0.00</BilansOtwarciaMa>
        <ObrotyWinien>0.00</ObrotyWinien>
        <ObrotyMa>2324.70</ObrotyMa>
        <ObrotyWinienNarast>0.00</ObrotyWinienNarast>
        <ObrotyMaNarast>2324.70</ObrotyMaNarast>
        <SaldoWinien>47675.30</SaldoWinien>
        <SaldoMa>0.00</SaldoMa>
    </ZOiS>

    <ZOiS  typ="G" >
        <KodKonta>130-02</KodKonta>
        <OpisKonta>RACHUNEK BANKOWY - DRUGI      </OpisKonta>
        <TypKonta>bilansowe</TypKonta>
        <KodZespolu>1</KodZespolu>
        <OpisZespolu>RACHUNEK B</OpisZespolu>
        <KodKategorii>kodk</KodKategorii>
        <OpisKategorii>opisk</OpisKategorii>
        <BilansOtwarciaWinien>0.00</BilansOtwarciaWinien>
        <BilansOtwarciaMa>0.00</BilansOtwarciaMa>
        <ObrotyWinien>0.00</ObrotyWinien>
        <ObrotyMa>0.00</ObrotyMa>
        <ObrotyWinienNarast>0.00</ObrotyWinienNarast>
        <ObrotyMaNarast>0.00</ObrotyMaNarast>
        <SaldoWinien>0.00</SaldoWinien>
        <SaldoMa>-0.00</SaldoMa>
    </ZOiS>

    <ZOiS  typ="G" >
        <KodKonta>130-03</KodKonta>
        <OpisKonta>RACHUNEK BANKOWY - karta </OpisKonta>
        <TypKonta>bilansowe</TypKonta>
        <KodZespolu>1</KodZespolu>
        <OpisZespolu>RACHUNEK B</OpisZespolu>
        <KodKategorii>kodk</KodKategorii>
        <OpisKategorii>opisk</OpisKategorii>
        <BilansOtwarciaWinien>0.00</BilansOtwarciaWinien>
        <BilansOtwarciaMa>0.00</BilansOtwarciaMa>
        <ObrotyWinien>0.00</ObrotyWinien>
        <ObrotyMa>0.00</ObrotyMa>
        <ObrotyWinienNarast>0.00</ObrotyWinienNarast>
        <ObrotyMaNarast>0.00</ObrotyMaNarast>
        <SaldoWinien>0.00</SaldoWinien>
        <SaldoMa>-0.00</SaldoMa>
    </ZOiS>

    <ZOiS  typ="G" >
        <KodKonta>130-04</KodKonta>
        <OpisKonta>RACHUNEK BANKOWY</OpisKonta>
        <TypKonta>bilansowe</TypKonta>
        <KodZespolu>1</KodZespolu>
        <OpisZespolu>RACHUNEK B</OpisZespolu>
        <KodKategorii>kodk</KodKategorii>
        <OpisKategorii>opisk</OpisKategorii>
        <BilansOtwarciaWinien>0.00</BilansOtwarciaWinien>
        <BilansOtwarciaMa>0.00</BilansOtwarciaMa>
        <ObrotyWinien>0.00</ObrotyWinien>
        <ObrotyMa>0.00</ObrotyMa>
        <ObrotyWinienNarast>0.00</ObrotyWinienNarast>
        <ObrotyMaNarast>0.00</ObrotyMaNarast>
        <SaldoWinien>0.00</SaldoWinien>
        <SaldoMa>-0.00</SaldoMa>
    </ZOiS>

    <ZOiS  typ="G" >
        <KodKonta>131</KodKonta>
        <OpisKonta>POZOSTAŁE RACHUNKI BANKOWE</OpisKonta>
        <TypKonta>bilansowe</TypKonta>
        <KodZespolu>1</KodZespolu>
        <OpisZespolu>POZOSTAŁE </OpisZespolu>
        <KodKategorii>kodk</KodKategorii>
        <OpisKategorii>opisk</OpisKategorii>
        <BilansOtwarciaWinien>0.00</BilansOtwarciaWinien>
        <BilansOtwarciaMa>0.00</BilansOtwarciaMa>
        <ObrotyWinien>0.00</ObrotyWinien>
        <ObrotyMa>0.00</ObrotyMa>
        <ObrotyWinienNarast>0.00</ObrotyWinienNarast>
        <ObrotyMaNarast>0.00</ObrotyMaNarast>
        <SaldoWinien>0.00</SaldoWinien>
        <SaldoMa>-0.00</SaldoMa>
    </ZOiS>

    <ZOiS  typ="G" >
        <KodKonta>131-01</KodKonta>
        <OpisKonta>RACHUNEK BANK ZFśS            </OpisKonta>
        <TypKonta>bilansowe</TypKonta>
        <KodZespolu>1</KodZespolu>
        <OpisZespolu>RACHUNEK B</OpisZespolu>
        <KodKategorii>kodk</KodKategorii>
        <OpisKategorii>opisk</OpisKategorii>
        <BilansOtwarciaWinien>0.00</BilansOtwarciaWinien>
        <BilansOtwarciaMa>0.00</BilansOtwarciaMa>
        <ObrotyWinien>0.00</ObrotyWinien>
        <ObrotyMa>0.00</ObrotyMa>
        <ObrotyWinienNarast>0.00</ObrotyWinienNarast>
        <ObrotyMaNarast>0.00</ObrotyMaNarast>
        <SaldoWinien>0.00</SaldoWinien>
        <SaldoMa>-0.00</SaldoMa>
    </ZOiS>

    <ZOiS  typ="G" >
        <KodKonta>131-02</KodKonta>
        <OpisKonta>LOKATY TERMINOWE              </OpisKonta>
        <TypKonta>bilansowe</TypKonta>
        <KodZespolu>1</KodZespolu>
        <OpisZespolu>LOKATY TER</OpisZespolu>
        <KodKategorii>kodk</KodKategorii>
        <OpisKategorii>opisk</OpisKategorii>
        <BilansOtwarciaWinien>0.00</BilansOtwarciaWinien>
        <BilansOtwarciaMa>0.00</BilansOtwarciaMa>
        <ObrotyWinien>0.00</ObrotyWinien>
        <ObrotyMa>0.00</ObrotyMa>
        <ObrotyWinienNarast>0.00</ObrotyWinienNarast>
        <ObrotyMaNarast>0.00</ObrotyMaNarast>
        <SaldoWinien>0.00</SaldoWinien>
        <SaldoMa>-0.00</SaldoMa>
    </ZOiS>

    <ZOiS  typ="G" >
        <KodKonta>132</KodKonta>
        <OpisKonta>KREDYT BANKOWY                </OpisKonta>
        <TypKonta>bilansowe</TypKonta>
        <KodZespolu>1</KodZespolu>
        <OpisZespolu>KREDYT BAN</OpisZespolu>
        <KodKategorii>kodk</KodKategorii>
        <OpisKategorii>opisk</OpisKategorii>
        <BilansOtwarciaWinien>0.00</BilansOtwarciaWinien>
        <BilansOtwarciaMa>0.00</BilansOtwarciaMa>
        <ObrotyWinien>0.00</ObrotyWinien>
        <ObrotyMa>0.00</ObrotyMa>
        <ObrotyWinienNarast>0.00</ObrotyWinienNarast>
        <ObrotyMaNarast>0.00</ObrotyMaNarast>
        <SaldoWinien>0.00</SaldoWinien>
        <SaldoMa>-0.00</SaldoMa>
    </ZOiS>

    <ZOiS  typ="G" >
        <KodKonta>132-01</KodKonta>
        <OpisKonta>KREDYT BANKOWY</OpisKonta>
        <TypKonta>bilansowe</TypKonta>
        <KodZespolu>1</KodZespolu>
        <OpisZespolu>KREDYT BAN</OpisZespolu>
        <KodKategorii>kodk</KodKategorii>
        <OpisKategorii>opisk</OpisKategorii>
        <BilansOtwarciaWinien>0.00</BilansOtwarciaWinien>
        <BilansOtwarciaMa>0.00</BilansOtwarciaMa>
        <ObrotyWinien>0.00</ObrotyWinien>
        <ObrotyMa>0.00</ObrotyMa>
        <ObrotyWinienNarast>0.00</ObrotyWinienNarast>
        <ObrotyMaNarast>0.00</ObrotyMaNarast>
        <SaldoWinien>0.00</SaldoWinien>
        <SaldoMa>-0.00</SaldoMa>
    </ZOiS>

    <ZOiS  typ="G" >
        <KodKonta>139</KodKonta>
        <OpisKonta>RACHUNEK DEWIZOWY</OpisKonta>
        <TypKonta>bilansowe</TypKonta>
        <KodZespolu>1</KodZespolu>
        <OpisZespolu>RACHUNEK D</OpisZespolu>
        <KodKategorii>kodk</KodKategorii>
        <OpisKategorii>opisk</OpisKategorii>
        <BilansOtwarciaWinien>0.00</BilansOtwarciaWinien>
        <BilansOtwarciaMa>0.00</BilansOtwarciaMa>
        <ObrotyWinien>0.00</ObrotyWinien>
        <ObrotyMa>0.00</ObrotyMa>
        <ObrotyWinienNarast>0.00</ObrotyWinienNarast>
        <ObrotyMaNarast>0.00</ObrotyMaNarast>
        <SaldoWinien>0.00</SaldoWinien>
        <SaldoMa>-0.00</SaldoMa>
    </ZOiS>

    <ZOiS  typ="G" >
        <KodKonta>139-01</KodKonta>
        <OpisKonta>RACHUNEK DEWIZOWY</OpisKonta>
        <TypKonta>bilansowe</TypKonta>
        <KodZespolu>1</KodZespolu>
        <OpisZespolu>RACHUNEK D</OpisZespolu>
        <KodKategorii>kodk</KodKategorii>
        <OpisKategorii>opisk</OpisKategorii>
        <BilansOtwarciaWinien>0.00</BilansOtwarciaWinien>
        <BilansOtwarciaMa>0.00</BilansOtwarciaMa>
        <ObrotyWinien>0.00</ObrotyWinien>
        <ObrotyMa>0.00</ObrotyMa>
        <ObrotyWinienNarast>0.00</ObrotyWinienNarast>
        <ObrotyMaNarast>0.00</ObrotyMaNarast>
        <SaldoWinien>0.00</SaldoWinien>
        <SaldoMa>-0.00</SaldoMa>
    </ZOiS>

    <ZOiS  typ="G" >
        <KodKonta>139-02</KodKonta>
        <OpisKonta>RACHUNEK DEWIZOWY - EUR</OpisKonta>
        <TypKonta>bilansowe</TypKonta>
        <KodZespolu>1</KodZespolu>
        <OpisZespolu>RACHUNEK D</OpisZespolu>
        <KodKategorii>kodk</KodKategorii>
        <OpisKategorii>opisk</OpisKategorii>
        <BilansOtwarciaWinien>0.00</BilansOtwarciaWinien>
        <BilansOtwarciaMa>0.00</BilansOtwarciaMa>
        <ObrotyWinien>0.00</ObrotyWinien>
        <ObrotyMa>0.00</ObrotyMa>
        <ObrotyWinienNarast>0.00</ObrotyWinienNarast>
        <ObrotyMaNarast>0.00</ObrotyMaNarast>
        <SaldoWinien>0.00</SaldoWinien>
        <SaldoMa>-0.00</SaldoMa>
    </ZOiS>

    <ZOiS  typ="G" >
        <KodKonta>139-03</KodKonta>
        <OpisKonta>RACHUNEK DEWIZOWY - USD</OpisKonta>
        <TypKonta>bilansowe</TypKonta>
        <KodZespolu>1</KodZespolu>
        <OpisZespolu>RACHUNEK D</OpisZespolu>
        <KodKategorii>kodk</KodKategorii>
        <OpisKategorii>opisk</OpisKategorii>
        <BilansOtwarciaWinien>0.00</BilansOtwarciaWinien>
        <BilansOtwarciaMa>0.00</BilansOtwarciaMa>
        <ObrotyWinien>0.00</ObrotyWinien>
        <ObrotyMa>0.00</ObrotyMa>
        <ObrotyWinienNarast>0.00</ObrotyWinienNarast>
        <ObrotyMaNarast>0.00</ObrotyMaNarast>
        <SaldoWinien>0.00</SaldoWinien>
        <SaldoMa>-0.00</SaldoMa>
    </ZOiS>

    <ZOiS  typ="G" >
        <KodKonta>140</KodKonta>
        <OpisKonta>ŚRODKI PINIĘŻNE W DRODZE</OpisKonta>
        <TypKonta>bilansowe</TypKonta>
        <KodZespolu>1</KodZespolu>
        <OpisZespolu>ŚRODKI PIN</OpisZespolu>
        <KodKategorii>kodk</KodKategorii>
        <OpisKategorii>opisk</OpisKategorii>
        <BilansOtwarciaWinien>0.00</BilansOtwarciaWinien>
        <BilansOtwarciaMa>0.00</BilansOtwarciaMa>
        <ObrotyWinien>0.00</ObrotyWinien>
        <ObrotyMa>0.00</ObrotyMa>
        <ObrotyWinienNarast>0.00</ObrotyWinienNarast>
        <ObrotyMaNarast>0.00</ObrotyMaNarast>
        <SaldoWinien>0.00</SaldoWinien>
        <SaldoMa>-0.00</SaldoMa>
    </ZOiS>

    <ZOiS  typ="G" >
        <KodKonta>140-01</KodKonta>
        <OpisKonta>ŚRODKI PIENIĘŻNE W DRODZE</OpisKonta>
        <TypKonta>bilansowe</TypKonta>
        <KodZespolu>1</KodZespolu>
        <OpisZespolu>ŚRODKI PIE</OpisZespolu>
        <KodKategorii>kodk</KodKategorii>
        <OpisKategorii>opisk</OpisKategorii>
        <BilansOtwarciaWinien>0.00</BilansOtwarciaWinien>
        <BilansOtwarciaMa>0.00</BilansOtwarciaMa>
        <ObrotyWinien>0.00</ObrotyWinien>
        <ObrotyMa>0.00</ObrotyMa>
        <ObrotyWinienNarast>0.00</ObrotyWinienNarast>
        <ObrotyMaNarast>0.00</ObrotyMaNarast>
        <SaldoWinien>0.00</SaldoWinien>
        <SaldoMa>-0.00</SaldoMa>
    </ZOiS>

    <ZOiS  typ="G" >
        <KodKonta>140-02</KodKonta>
        <OpisKonta>ŚRODKI W DRODZE - KASA1-&gt;KASA</OpisKonta>
        <TypKonta>bilansowe</TypKonta>
        <KodZespolu>1</KodZespolu>
        <OpisZespolu>ŚRODKI W D</OpisZespolu>
        <KodKategorii>kodk</KodKategorii>
        <OpisKategorii>opisk</OpisKategorii>
        <BilansOtwarciaWinien>0.00</BilansOtwarciaWinien>
        <BilansOtwarciaMa>0.00</BilansOtwarciaMa>
        <ObrotyWinien>0.00</ObrotyWinien>
        <ObrotyMa>0.00</ObrotyMa>
        <ObrotyWinienNarast>0.00</ObrotyWinienNarast>
        <ObrotyMaNarast>0.00</ObrotyMaNarast>
        <SaldoWinien>0.00</SaldoWinien>
        <SaldoMa>-0.00</SaldoMa>
    </ZOiS>

    <ZOiS  typ="G" >
        <KodKonta>141</KodKonta>
        <OpisKonta>KROTKÓTER.PAPIERY WARTOŚCIOWE</OpisKonta>
        <TypKonta>bilansowe</TypKonta>
        <KodZespolu>1</KodZespolu>
        <OpisZespolu>KROTKÓTER.</OpisZespolu>
        <KodKategorii>kodk</KodKategorii>
        <OpisKategorii>opisk</OpisKategorii>
        <BilansOtwarciaWinien>0.00</BilansOtwarciaWinien>
        <BilansOtwarciaMa>0.00</BilansOtwarciaMa>
        <ObrotyWinien>0.00</ObrotyWinien>
        <ObrotyMa>0.00</ObrotyMa>
        <ObrotyWinienNarast>0.00</ObrotyWinienNarast>
        <ObrotyMaNarast>0.00</ObrotyMaNarast>
        <SaldoWinien>0.00</SaldoWinien>
        <SaldoMa>-0.00</SaldoMa>
    </ZOiS>

    <ZOiS  typ="G" >
        <KodKonta>141-01</KodKonta>
        <OpisKonta>KROTKÓTER.PAPIERY WARTOŚCIOWE</OpisKonta>
        <TypKonta>bilansowe</TypKonta>
        <KodZespolu>1</KodZespolu>
        <OpisZespolu>KROTKÓTER.</OpisZespolu>
        <KodKategorii>kodk</KodKategorii>
        <OpisKategorii>opisk</OpisKategorii>
        <BilansOtwarciaWinien>0.00</BilansOtwarciaWinien>
        <BilansOtwarciaMa>0.00</BilansOtwarciaMa>
        <ObrotyWinien>0.00</ObrotyWinien>
        <ObrotyMa>0.00</ObrotyMa>
        <ObrotyWinienNarast>0.00</ObrotyWinienNarast>
        <ObrotyMaNarast>0.00</ObrotyMaNarast>
        <SaldoWinien>0.00</SaldoWinien>
        <SaldoMa>-0.00</SaldoMa>
    </ZOiS>

    <ZOiS  typ="G" >
        <KodKonta>145</KodKonta>
        <OpisKonta>WEKSLE I CZEKI OBCE           </OpisKonta>
        <TypKonta>bilansowe</TypKonta>
        <KodZespolu>1</KodZespolu>
        <OpisZespolu>WEKSLE I C</OpisZespolu>
        <KodKategorii>kodk</KodKategorii>
        <OpisKategorii>opisk</OpisKategorii>
        <BilansOtwarciaWinien>0.00</BilansOtwarciaWinien>
        <BilansOtwarciaMa>0.00</BilansOtwarciaMa>
        <ObrotyWinien>0.00</ObrotyWinien>
        <ObrotyMa>0.00</ObrotyMa>
        <ObrotyWinienNarast>0.00</ObrotyWinienNarast>
        <ObrotyMaNarast>0.00</ObrotyMaNarast>
        <SaldoWinien>0.00</SaldoWinien>
        <SaldoMa>-0.00</SaldoMa>
    </ZOiS>

    <ZOiS  typ="G" >
        <KodKonta>145-000</KodKonta>
        <OpisKonta>WEKSLE I CZEKI OBCE</OpisKonta>
        <TypKonta>bilansowe</TypKonta>
        <KodZespolu>1</KodZespolu>
        <OpisZespolu>WEKSLE I C</OpisZespolu>
        <KodKategorii>kodk</KodKategorii>
        <OpisKategorii>opisk</OpisKategorii>
        <BilansOtwarciaWinien>0.00</BilansOtwarciaWinien>
        <BilansOtwarciaMa>0.00</BilansOtwarciaMa>
        <ObrotyWinien>0.00</ObrotyWinien>
        <ObrotyMa>0.00</ObrotyMa>
        <ObrotyWinienNarast>0.00</ObrotyWinienNarast>
        <ObrotyMaNarast>0.00</ObrotyMaNarast>
        <SaldoWinien>0.00</SaldoWinien>
        <SaldoMa>-0.00</SaldoMa>
    </ZOiS>

    <ZOiS  typ="G" >
        <KodKonta>200</KodKonta>
        <OpisKonta>ROZLICZENIA - KONTO TECHNICZNE</OpisKonta>
        <TypKonta>bilansowe</TypKonta>
        <KodZespolu>2</KodZespolu>
        <OpisZespolu>ROZLICZENI</OpisZespolu>
        <KodKategorii>kodk</KodKategorii>
        <OpisKategorii>opisk</OpisKategorii>
        <BilansOtwarciaWinien>0.00</BilansOtwarciaWinien>
        <BilansOtwarciaMa>0.00</BilansOtwarciaMa>
        <ObrotyWinien>0.00</ObrotyWinien>
        <ObrotyMa>0.00</ObrotyMa>
        <ObrotyWinienNarast>0.00</ObrotyWinienNarast>
        <ObrotyMaNarast>0.00</ObrotyMaNarast>
        <SaldoWinien>0.00</SaldoWinien>
        <SaldoMa>-0.00</SaldoMa>
    </ZOiS>

    <ZOiS  typ="G" >
        <KodKonta>201</KodKonta>
        <OpisKonta>NALEŻNOŚCI OD ODBIORCÓW</OpisKonta>
        <TypKonta>bilansowe</TypKonta>
        <KodZespolu>2</KodZespolu>
        <OpisZespolu>NALEŻNOŚCI</OpisZespolu>
        <KodKategorii>kodk</KodKategorii>
        <OpisKategorii>opisk</OpisKategorii>
        <BilansOtwarciaWinien>0.00</BilansOtwarciaWinien>
        <BilansOtwarciaMa>0.00</BilansOtwarciaMa>
        <ObrotyWinien>0.00</ObrotyWinien>
        <ObrotyMa>0.00</ObrotyMa>
        <ObrotyWinienNarast>0.00</ObrotyWinienNarast>
        <ObrotyMaNarast>0.00</ObrotyMaNarast>
        <SaldoWinien>0.00</SaldoWinien>
        <SaldoMa>-0.00</SaldoMa>
    </ZOiS>

    <ZOiS  typ="G" >
        <KodKonta>201-01</KodKonta>
        <OpisKonta>NALEŻNOŚCI OD ODBIORCÓW</OpisKonta>
        <TypKonta>bilansowe</TypKonta>
        <KodZespolu>2</KodZespolu>
        <OpisZespolu>NALEŻNOŚCI</OpisZespolu>
        <KodKategorii>kodk</KodKategorii>
        <OpisKategorii>opisk</OpisKategorii>
        <BilansOtwarciaWinien>0.00</BilansOtwarciaWinien>
        <BilansOtwarciaMa>0.00</BilansOtwarciaMa>
        <ObrotyWinien>0.00</ObrotyWinien>
        <ObrotyMa>0.00</ObrotyMa>
        <ObrotyWinienNarast>0.00</ObrotyWinienNarast>
        <ObrotyMaNarast>0.00</ObrotyMaNarast>
        <SaldoWinien>0.00</SaldoWinien>
        <SaldoMa>-0.00</SaldoMa>
    </ZOiS>

    <ZOiS  typ="G" >
        <KodKonta>201-02</KodKonta>
        <OpisKonta>ZALICZKI NA POCZET DOSTAW     </OpisKonta>
        <TypKonta>bilansowe</TypKonta>
        <KodZespolu>2</KodZespolu>
        <OpisZespolu>ZALICZKI N</OpisZespolu>
        <KodKategorii>kodk</KodKategorii>
        <OpisKategorii>opisk</OpisKategorii>
        <BilansOtwarciaWinien>0.00</BilansOtwarciaWinien>
        <BilansOtwarciaMa>0.00</BilansOtwarciaMa>
        <ObrotyWinien>0.00</ObrotyWinien>
        <ObrotyMa>0.00</ObrotyMa>
        <ObrotyWinienNarast>0.00</ObrotyWinienNarast>
        <ObrotyMaNarast>0.00</ObrotyMaNarast>
        <SaldoWinien>0.00</SaldoWinien>
        <SaldoMa>-0.00</SaldoMa>
    </ZOiS>

    <ZOiS  typ="G" >
        <KodKonta>201-03</KodKonta>
        <OpisKonta>NALEŻNOŚCI OD ODBIORCÓW</OpisKonta>
        <TypKonta>bilansowe</TypKonta>
        <KodZespolu>2</KodZespolu>
        <OpisZespolu>NALEŻNOŚCI</OpisZespolu>
        <KodKategorii>kodk</KodKategorii>
        <OpisKategorii>opisk</OpisKategorii>
        <BilansOtwarciaWinien>0.00</BilansOtwarciaWinien>
        <BilansOtwarciaMa>0.00</BilansOtwarciaMa>
        <ObrotyWinien>0.00</ObrotyWinien>
        <ObrotyMa>0.00</ObrotyMa>
        <ObrotyWinienNarast>0.00</ObrotyWinienNarast>
        <ObrotyMaNarast>0.00</ObrotyMaNarast>
        <SaldoWinien>0.00</SaldoWinien>
        <SaldoMa>-0.00</SaldoMa>
    </ZOiS>

    <ZOiS  typ="G" >
        <KodKonta>202</KodKonta>
        <OpisKonta>ZOBOWIĄZANIA WOBEC DOSTAWCÓW  </OpisKonta>
        <TypKonta>bilansowe</TypKonta>
        <KodZespolu>2</KodZespolu>
        <OpisZespolu>ZOBOWIĄZAN</OpisZespolu>
        <KodKategorii>kodk</KodKategorii>
        <OpisKategorii>opisk</OpisKategorii>
        <BilansOtwarciaWinien>0.00</BilansOtwarciaWinien>
        <BilansOtwarciaMa>0.00</BilansOtwarciaMa>
        <ObrotyWinien>0.00</ObrotyWinien>
        <ObrotyMa>0.00</ObrotyMa>
        <ObrotyWinienNarast>0.00</ObrotyWinienNarast>
        <ObrotyMaNarast>0.00</ObrotyMaNarast>
        <SaldoWinien>0.00</SaldoWinien>
        <SaldoMa>-0.00</SaldoMa>
    </ZOiS>

    <ZOiS  typ="G" >
        <KodKonta>202-01</KodKonta>
        <OpisKonta>ZOBOWIĄZANIA WOBEC DOSTAWCÓW</OpisKonta>
        <TypKonta>bilansowe</TypKonta>
        <KodZespolu>2</KodZespolu>
        <OpisZespolu>ZOBOWIĄZAN</OpisZespolu>
        <KodKategorii>kodk</KodKategorii>
        <OpisKategorii>opisk</OpisKategorii>
        <BilansOtwarciaWinien>0.00</BilansOtwarciaWinien>
        <BilansOtwarciaMa>0.00</BilansOtwarciaMa>
        <ObrotyWinien>3554.70</ObrotyWinien>
        <ObrotyMa>3610.67</ObrotyMa>
        <ObrotyWinienNarast>3554.70</ObrotyWinienNarast>
        <ObrotyMaNarast>3610.67</ObrotyMaNarast>
        <SaldoWinien>0.00</SaldoWinien>
        <SaldoMa>55.97</SaldoMa>
    </ZOiS>

    <ZOiS  typ="G" >
        <KodKonta>202-02</KodKonta>
        <OpisKonta>KAUCJE</OpisKonta>
        <TypKonta>bilansowe</TypKonta>
        <KodZespolu>2</KodZespolu>
        <OpisZespolu>KAUCJE</OpisZespolu>
        <KodKategorii>kodk</KodKategorii>
        <OpisKategorii>opisk</OpisKategorii>
        <BilansOtwarciaWinien>0.00</BilansOtwarciaWinien>
        <BilansOtwarciaMa>0.00</BilansOtwarciaMa>
        <ObrotyWinien>0.00</ObrotyWinien>
        <ObrotyMa>0.00</ObrotyMa>
        <ObrotyWinienNarast>0.00</ObrotyWinienNarast>
        <ObrotyMaNarast>0.00</ObrotyMaNarast>
        <SaldoWinien>0.00</SaldoWinien>
        <SaldoMa>-0.00</SaldoMa>
    </ZOiS>

    <ZOiS  typ="G" >
        <KodKonta>202-03</KodKonta>
        <OpisKonta>ZOBOWIĄZANIA WOBEC DOSTAWCÓW</OpisKonta>
        <TypKonta>bilansowe</TypKonta>
        <KodZespolu>2</KodZespolu>
        <OpisZespolu>ZOBOWIĄZAN</OpisZespolu>
        <KodKategorii>kodk</KodKategorii>
        <OpisKategorii>opisk</OpisKategorii>
        <BilansOtwarciaWinien>0.00</BilansOtwarciaWinien>
        <BilansOtwarciaMa>0.00</BilansOtwarciaMa>
        <ObrotyWinien>0.00</ObrotyWinien>
        <ObrotyMa>0.00</ObrotyMa>
        <ObrotyWinienNarast>0.00</ObrotyWinienNarast>
        <ObrotyMaNarast>0.00</ObrotyMaNarast>
        <SaldoWinien>0.00</SaldoWinien>
        <SaldoMa>-0.00</SaldoMa>
    </ZOiS>

    <ZOiS  typ="G" >
        <KodKonta>204</KodKonta>
        <OpisKonta>INNE ROZRACHUNKI Z KONTRAHENT.</OpisKonta>
        <TypKonta>bilansowe</TypKonta>
        <KodZespolu>2</KodZespolu>
        <OpisZespolu>INNE ROZRA</OpisZespolu>
        <KodKategorii>kodk</KodKategorii>
        <OpisKategorii>opisk</OpisKategorii>
        <BilansOtwarciaWinien>0.00</BilansOtwarciaWinien>
        <BilansOtwarciaMa>0.00</BilansOtwarciaMa>
        <ObrotyWinien>0.00</ObrotyWinien>
        <ObrotyMa>0.00</ObrotyMa>
        <ObrotyWinienNarast>0.00</ObrotyWinienNarast>
        <ObrotyMaNarast>0.00</ObrotyMaNarast>
        <SaldoWinien>0.00</SaldoWinien>
        <SaldoMa>-0.00</SaldoMa>
    </ZOiS>

    <ZOiS  typ="G" >
        <KodKonta>204-01</KodKonta>
        <OpisKonta>INNE ROZRACHUNKI Z KONTRAHENT.</OpisKonta>
        <TypKonta>bilansowe</TypKonta>
        <KodZespolu>2</KodZespolu>
        <OpisZespolu>INNE ROZRA</OpisZespolu>
        <KodKategorii>kodk</KodKategorii>
        <OpisKategorii>opisk</OpisKategorii>
        <BilansOtwarciaWinien>0.00</BilansOtwarciaWinien>
        <BilansOtwarciaMa>0.00</BilansOtwarciaMa>
        <ObrotyWinien>0.00</ObrotyWinien>
        <ObrotyMa>0.00</ObrotyMa>
        <ObrotyWinienNarast>0.00</ObrotyWinienNarast>
        <ObrotyMaNarast>0.00</ObrotyMaNarast>
        <SaldoWinien>0.00</SaldoWinien>
        <SaldoMa>-0.00</SaldoMa>
    </ZOiS>

    <ZOiS  typ="G" >
        <KodKonta>204-02</KodKonta>
        <OpisKonta>KAUCJE - NALEŻNOŚCI</OpisKonta>
        <TypKonta>bilansowe</TypKonta>
        <KodZespolu>2</KodZespolu>
        <OpisZespolu>KAUCJE - N</OpisZespolu>
        <KodKategorii>kodk</KodKategorii>
        <OpisKategorii>opisk</OpisKategorii>
        <BilansOtwarciaWinien>0.00</BilansOtwarciaWinien>
        <BilansOtwarciaMa>0.00</BilansOtwarciaMa>
        <ObrotyWinien>0.00</ObrotyWinien>
        <ObrotyMa>0.00</ObrotyMa>
        <ObrotyWinienNarast>0.00</ObrotyWinienNarast>
        <ObrotyMaNarast>0.00</ObrotyMaNarast>
        <SaldoWinien>0.00</SaldoWinien>
        <SaldoMa>-0.00</SaldoMa>
    </ZOiS>

    <ZOiS  typ="G" >
        <KodKonta>205</KodKonta>
        <OpisKonta>ROZRACHUNKI WEKSLOWE</OpisKonta>
        <TypKonta>bilansowe</TypKonta>
        <KodZespolu>2</KodZespolu>
        <OpisZespolu>ROZRACHUNK</OpisZespolu>
        <KodKategorii>kodk</KodKategorii>
        <OpisKategorii>opisk</OpisKategorii>
        <BilansOtwarciaWinien>0.00</BilansOtwarciaWinien>
        <BilansOtwarciaMa>0.00</BilansOtwarciaMa>
        <ObrotyWinien>0.00</ObrotyWinien>
        <ObrotyMa>0.00</ObrotyMa>
        <ObrotyWinienNarast>0.00</ObrotyWinienNarast>
        <ObrotyMaNarast>0.00</ObrotyMaNarast>
        <SaldoWinien>0.00</SaldoWinien>
        <SaldoMa>-0.00</SaldoMa>
    </ZOiS>

    <ZOiS  typ="G" >
        <KodKonta>205-01</KodKonta>
        <OpisKonta>ZOBOWIĄZANIA WEKSLOWE</OpisKonta>
        <TypKonta>bilansowe</TypKonta>
        <KodZespolu>2</KodZespolu>
        <OpisZespolu>ZOBOWIĄZAN</OpisZespolu>
        <KodKategorii>kodk</KodKategorii>
        <OpisKategorii>opisk</OpisKategorii>
        <BilansOtwarciaWinien>0.00</BilansOtwarciaWinien>
        <BilansOtwarciaMa>0.00</BilansOtwarciaMa>
        <ObrotyWinien>0.00</ObrotyWinien>
        <ObrotyMa>0.00</ObrotyMa>
        <ObrotyWinienNarast>0.00</ObrotyWinienNarast>
        <ObrotyMaNarast>0.00</ObrotyMaNarast>
        <SaldoWinien>0.00</SaldoWinien>
        <SaldoMa>-0.00</SaldoMa>
    </ZOiS>

    <ZOiS  typ="G" >
        <KodKonta>205-02</KodKonta>
        <OpisKonta>NALEŻNOŚCI WEKSLOWE</OpisKonta>
        <TypKonta>bilansowe</TypKonta>
        <KodZespolu>2</KodZespolu>
        <OpisZespolu>NALEŻNOŚCI</OpisZespolu>
        <KodKategorii>kodk</KodKategorii>
        <OpisKategorii>opisk</OpisKategorii>
        <BilansOtwarciaWinien>0.00</BilansOtwarciaWinien>
        <BilansOtwarciaMa>0.00</BilansOtwarciaMa>
        <ObrotyWinien>0.00</ObrotyWinien>
        <ObrotyMa>0.00</ObrotyMa>
        <ObrotyWinienNarast>0.00</ObrotyWinienNarast>
        <ObrotyMaNarast>0.00</ObrotyMaNarast>
        <SaldoWinien>0.00</SaldoWinien>
        <SaldoMa>-0.00</SaldoMa>
    </ZOiS>

    <ZOiS  typ="G" >
        <KodKonta>206</KodKonta>
        <OpisKonta>ROZLICZENIE CESJI             </OpisKonta>
        <TypKonta>bilansowe</TypKonta>
        <KodZespolu>2</KodZespolu>
        <OpisZespolu>ROZLICZENI</OpisZespolu>
        <KodKategorii>kodk</KodKategorii>
        <OpisKategorii>opisk</OpisKategorii>
        <BilansOtwarciaWinien>0.00</BilansOtwarciaWinien>
        <BilansOtwarciaMa>0.00</BilansOtwarciaMa>
        <ObrotyWinien>0.00</ObrotyWinien>
        <ObrotyMa>0.00</ObrotyMa>
        <ObrotyWinienNarast>0.00</ObrotyWinienNarast>
        <ObrotyMaNarast>0.00</ObrotyMaNarast>
        <SaldoWinien>0.00</SaldoWinien>
        <SaldoMa>-0.00</SaldoMa>
    </ZOiS>

    <ZOiS  typ="G" >
        <KodKonta>206-000</KodKonta>
        <OpisKonta>ROZLICZENIE CESJI</OpisKonta>
        <TypKonta>bilansowe</TypKonta>
        <KodZespolu>2</KodZespolu>
        <OpisZespolu>ROZLICZENI</OpisZespolu>
        <KodKategorii>kodk</KodKategorii>
        <OpisKategorii>opisk</OpisKategorii>
        <BilansOtwarciaWinien>0.00</BilansOtwarciaWinien>
        <BilansOtwarciaMa>0.00</BilansOtwarciaMa>
        <ObrotyWinien>0.00</ObrotyWinien>
        <ObrotyMa>0.00</ObrotyMa>
        <ObrotyWinienNarast>0.00</ObrotyWinienNarast>
        <ObrotyMaNarast>0.00</ObrotyMaNarast>
        <SaldoWinien>0.00</SaldoWinien>
        <SaldoMa>-0.00</SaldoMa>
    </ZOiS>

    <ZOiS  typ="G" >
        <KodKonta>220</KodKonta>
        <OpisKonta>PODATKI</OpisKonta>
        <TypKonta>bilansowe</TypKonta>
        <KodZespolu>2</KodZespolu>
        <OpisZespolu>PODATKI</OpisZespolu>
        <KodKategorii>kodk</KodKategorii>
        <OpisKategorii>opisk</OpisKategorii>
        <BilansOtwarciaWinien>0.00</BilansOtwarciaWinien>
        <BilansOtwarciaMa>0.00</BilansOtwarciaMa>
        <ObrotyWinien>0.00</ObrotyWinien>
        <ObrotyMa>0.00</ObrotyMa>
        <ObrotyWinienNarast>0.00</ObrotyWinienNarast>
        <ObrotyMaNarast>0.00</ObrotyMaNarast>
        <SaldoWinien>0.00</SaldoWinien>
        <SaldoMa>-0.00</SaldoMa>
    </ZOiS>

    <ZOiS  typ="G" >
        <KodKonta>220-01</KodKonta>
        <OpisKonta>PDATEK DOCHODOWY OS.PRAWNYCH</OpisKonta>
        <TypKonta>bilansowe</TypKonta>
        <KodZespolu>2</KodZespolu>
        <OpisZespolu>PDATEK DOC</OpisZespolu>
        <KodKategorii>kodk</KodKategorii>
        <OpisKategorii>opisk</OpisKategorii>
        <BilansOtwarciaWinien>0.00</BilansOtwarciaWinien>
        <BilansOtwarciaMa>0.00</BilansOtwarciaMa>
        <ObrotyWinien>0.00</ObrotyWinien>
        <ObrotyMa>0.00</ObrotyMa>
        <ObrotyWinienNarast>0.00</ObrotyWinienNarast>
        <ObrotyMaNarast>0.00</ObrotyMaNarast>
        <SaldoWinien>0.00</SaldoWinien>
        <SaldoMa>-0.00</SaldoMa>
    </ZOiS>

    <ZOiS  typ="G" >
        <KodKonta>220-02</KodKonta>
        <OpisKonta>PODATEK DOCHODOWY OS.FIZ.</OpisKonta>
        <TypKonta>bilansowe</TypKonta>
        <KodZespolu>2</KodZespolu>
        <OpisZespolu>PODATEK DO</OpisZespolu>
        <KodKategorii>kodk</KodKategorii>
        <OpisKategorii>opisk</OpisKategorii>
        <BilansOtwarciaWinien>0.00</BilansOtwarciaWinien>
        <BilansOtwarciaMa>0.00</BilansOtwarciaMa>
        <ObrotyWinien>0.00</ObrotyWinien>
        <ObrotyMa>0.00</ObrotyMa>
        <ObrotyWinienNarast>0.00</ObrotyWinienNarast>
        <ObrotyMaNarast>0.00</ObrotyMaNarast>
        <SaldoWinien>0.00</SaldoWinien>
        <SaldoMa>-0.00</SaldoMa>
    </ZOiS>

    <ZOiS  typ="G" >
        <KodKonta>220-03</KodKonta>
        <OpisKonta>PODATEK DOCHODOWY OS.FIZ.</OpisKonta>
        <TypKonta>bilansowe</TypKonta>
        <KodZespolu>2</KodZespolu>
        <OpisZespolu>PODATEK DO</OpisZespolu>
        <KodKategorii>kodk</KodKategorii>
        <OpisKategorii>opisk</OpisKategorii>
        <BilansOtwarciaWinien>0.00</BilansOtwarciaWinien>
        <BilansOtwarciaMa>0.00</BilansOtwarciaMa>
        <ObrotyWinien>0.00</ObrotyWinien>
        <ObrotyMa>0.00</ObrotyMa>
        <ObrotyWinienNarast>0.00</ObrotyWinienNarast>
        <ObrotyMaNarast>0.00</ObrotyMaNarast>
        <SaldoWinien>0.00</SaldoWinien>
        <SaldoMa>-0.00</SaldoMa>
    </ZOiS>

    <ZOiS  typ="G" >
        <KodKonta>220-10</KodKonta>
        <OpisKonta>PODATEK DOCHODOWY FIRMY UB.ROK</OpisKonta>
        <TypKonta>bilansowe</TypKonta>
        <KodZespolu>2</KodZespolu>
        <OpisZespolu>PODATEK DO</OpisZespolu>
        <KodKategorii>kodk</KodKategorii>
        <OpisKategorii>opisk</OpisKategorii>
        <BilansOtwarciaWinien>0.00</BilansOtwarciaWinien>
        <BilansOtwarciaMa>0.00</BilansOtwarciaMa>
        <ObrotyWinien>0.00</ObrotyWinien>
        <ObrotyMa>0.00</ObrotyMa>
        <ObrotyWinienNarast>0.00</ObrotyWinienNarast>
        <ObrotyMaNarast>0.00</ObrotyMaNarast>
        <SaldoWinien>0.00</SaldoWinien>
        <SaldoMa>-0.00</SaldoMa>
    </ZOiS>

    <ZOiS  typ="G" >
        <KodKonta>220-11</KodKonta>
        <OpisKonta>PODATEK DOCH.OD WYNAG.BEZOSOB.</OpisKonta>
        <TypKonta>bilansowe</TypKonta>
        <KodZespolu>2</KodZespolu>
        <OpisZespolu>PODATEK DO</OpisZespolu>
        <KodKategorii>kodk</KodKategorii>
        <OpisKategorii>opisk</OpisKategorii>
        <BilansOtwarciaWinien>0.00</BilansOtwarciaWinien>
        <BilansOtwarciaMa>0.00</BilansOtwarciaMa>
        <ObrotyWinien>0.00</ObrotyWinien>
        <ObrotyMa>0.00</ObrotyMa>
        <ObrotyWinienNarast>0.00</ObrotyWinienNarast>
        <ObrotyMaNarast>0.00</ObrotyMaNarast>
        <SaldoWinien>0.00</SaldoWinien>
        <SaldoMa>-0.00</SaldoMa>
    </ZOiS>

    <ZOiS  typ="G" >
        <KodKonta>220-15</KodKonta>
        <OpisKonta>PODATEK DOCH.OD WYPŁ.DYWIDENDY</OpisKonta>
        <TypKonta>bilansowe</TypKonta>
        <KodZespolu>2</KodZespolu>
        <OpisZespolu>PODATEK DO</OpisZespolu>
        <KodKategorii>kodk</KodKategorii>
        <OpisKategorii>opisk</OpisKategorii>
        <BilansOtwarciaWinien>0.00</BilansOtwarciaWinien>
        <BilansOtwarciaMa>0.00</BilansOtwarciaMa>
        <ObrotyWinien>0.00</ObrotyWinien>
        <ObrotyMa>0.00</ObrotyMa>
        <ObrotyWinienNarast>0.00</ObrotyWinienNarast>
        <ObrotyMaNarast>0.00</ObrotyMaNarast>
        <SaldoWinien>0.00</SaldoWinien>
        <SaldoMa>-0.00</SaldoMa>
    </ZOiS>

    <ZOiS  typ="G" >
        <KodKonta>220-20</KodKonta>
        <OpisKonta>PODATEK DOCH.OD WYNAG.OSOBOW. </OpisKonta>
        <TypKonta>bilansowe</TypKonta>
        <KodZespolu>2</KodZespolu>
        <OpisZespolu>PODATEK DO</OpisZespolu>
        <KodKategorii>kodk</KodKategorii>
        <OpisKategorii>opisk</OpisKategorii>
        <BilansOtwarciaWinien>0.00</BilansOtwarciaWinien>
        <BilansOtwarciaMa>0.00</BilansOtwarciaMa>
        <ObrotyWinien>0.00</ObrotyWinien>
        <ObrotyMa>0.00</ObrotyMa>
        <ObrotyWinienNarast>0.00</ObrotyWinienNarast>
        <ObrotyMaNarast>0.00</ObrotyMaNarast>
        <SaldoWinien>0.00</SaldoWinien>
        <SaldoMa>-0.00</SaldoMa>
    </ZOiS>

    <ZOiS  typ="G" >
        <KodKonta>220-25</KodKonta>
        <OpisKonta>ROZLICZENIE PIT-4             </OpisKonta>
        <TypKonta>bilansowe</TypKonta>
        <KodZespolu>2</KodZespolu>
        <OpisZespolu>ROZLICZENI</OpisZespolu>
        <KodKategorii>kodk</KodKategorii>
        <OpisKategorii>opisk</OpisKategorii>
        <BilansOtwarciaWinien>0.00</BilansOtwarciaWinien>
        <BilansOtwarciaMa>0.00</BilansOtwarciaMa>
        <ObrotyWinien>0.00</ObrotyWinien>
        <ObrotyMa>0.00</ObrotyMa>
        <ObrotyWinienNarast>0.00</ObrotyWinienNarast>
        <ObrotyMaNarast>0.00</ObrotyMaNarast>
        <SaldoWinien>0.00</SaldoWinien>
        <SaldoMa>-0.00</SaldoMa>
    </ZOiS>

    <ZOiS  typ="G" >
        <KodKonta>220-26</KodKonta>
        <OpisKonta>PODATEK ZRYCZAŁTOWANY</OpisKonta>
        <TypKonta>bilansowe</TypKonta>
        <KodZespolu>2</KodZespolu>
        <OpisZespolu>PODATEK ZR</OpisZespolu>
        <KodKategorii>kodk</KodKategorii>
        <OpisKategorii>opisk</OpisKategorii>
        <BilansOtwarciaWinien>0.00</BilansOtwarciaWinien>
        <BilansOtwarciaMa>0.00</BilansOtwarciaMa>
        <ObrotyWinien>0.00</ObrotyWinien>
        <ObrotyMa>0.00</ObrotyMa>
        <ObrotyWinienNarast>0.00</ObrotyWinienNarast>
        <ObrotyMaNarast>0.00</ObrotyMaNarast>
        <SaldoWinien>0.00</SaldoWinien>
        <SaldoMa>-0.00</SaldoMa>
    </ZOiS>

    <ZOiS  typ="G" >
        <KodKonta>220-30</KodKonta>
        <OpisKonta>CŁO,POD.IMP.,AKCYZA,ITP.      </OpisKonta>
        <TypKonta>bilansowe</TypKonta>
        <KodZespolu>2</KodZespolu>
        <OpisZespolu>CŁO,POD.IM</OpisZespolu>
        <KodKategorii>kodk</KodKategorii>
        <OpisKategorii>opisk</OpisKategorii>
        <BilansOtwarciaWinien>0.00</BilansOtwarciaWinien>
        <BilansOtwarciaMa>0.00</BilansOtwarciaMa>
        <ObrotyWinien>0.00</ObrotyWinien>
        <ObrotyMa>0.00</ObrotyMa>
        <ObrotyWinienNarast>0.00</ObrotyWinienNarast>
        <ObrotyMaNarast>0.00</ObrotyMaNarast>
        <SaldoWinien>0.00</SaldoWinien>
        <SaldoMa>-0.00</SaldoMa>
    </ZOiS>

    <ZOiS  typ="G" >
        <KodKonta>220-40</KodKonta>
        <OpisKonta>PCC, OPŁATY SKARBOWE</OpisKonta>
        <TypKonta>bilansowe</TypKonta>
        <KodZespolu>2</KodZespolu>
        <OpisZespolu>PCC, OPŁAT</OpisZespolu>
        <KodKategorii>kodk</KodKategorii>
        <OpisKategorii>opisk</OpisKategorii>
        <BilansOtwarciaWinien>0.00</BilansOtwarciaWinien>
        <BilansOtwarciaMa>0.00</BilansOtwarciaMa>
        <ObrotyWinien>0.00</ObrotyWinien>
        <ObrotyMa>0.00</ObrotyMa>
        <ObrotyWinienNarast>0.00</ObrotyWinienNarast>
        <ObrotyMaNarast>0.00</ObrotyMaNarast>
        <SaldoWinien>0.00</SaldoWinien>
        <SaldoMa>-0.00</SaldoMa>
    </ZOiS>

    <ZOiS  typ="G" >
        <KodKonta>220-50</KodKonta>
        <OpisKonta>ODSETKI KARNE DO BUDŻETU      </OpisKonta>
        <TypKonta>bilansowe</TypKonta>
        <KodZespolu>2</KodZespolu>
        <OpisZespolu>ODSETKI KA</OpisZespolu>
        <KodKategorii>kodk</KodKategorii>
        <OpisKategorii>opisk</OpisKategorii>
        <BilansOtwarciaWinien>0.00</BilansOtwarciaWinien>
        <BilansOtwarciaMa>0.00</BilansOtwarciaMa>
        <ObrotyWinien>0.00</ObrotyWinien>
        <ObrotyMa>0.00</ObrotyMa>
        <ObrotyWinienNarast>0.00</ObrotyWinienNarast>
        <ObrotyMaNarast>0.00</ObrotyMaNarast>
        <SaldoWinien>0.00</SaldoWinien>
        <SaldoMa>-0.00</SaldoMa>
    </ZOiS>

    <ZOiS  typ="G" >
        <KodKonta>220-60</KodKonta>
        <OpisKonta>PODATEK OD NIERUCHOMOŚCI</OpisKonta>
        <TypKonta>bilansowe</TypKonta>
        <KodZespolu>2</KodZespolu>
        <OpisZespolu>PODATEK OD</OpisZespolu>
        <KodKategorii>kodk</KodKategorii>
        <OpisKategorii>opisk</OpisKategorii>
        <BilansOtwarciaWinien>0.00</BilansOtwarciaWinien>
        <BilansOtwarciaMa>0.00</BilansOtwarciaMa>
        <ObrotyWinien>0.00</ObrotyWinien>
        <ObrotyMa>0.00</ObrotyMa>
        <ObrotyWinienNarast>0.00</ObrotyWinienNarast>
        <ObrotyMaNarast>0.00</ObrotyMaNarast>
        <SaldoWinien>0.00</SaldoWinien>
        <SaldoMa>-0.00</SaldoMa>
    </ZOiS>

    <ZOiS  typ="G" >
        <KodKonta>220-70</KodKonta>
        <OpisKonta>PODATEK GRUNTOWY</OpisKonta>
        <TypKonta>bilansowe</TypKonta>
        <KodZespolu>2</KodZespolu>
        <OpisZespolu>PODATEK GR</OpisZespolu>
        <KodKategorii>kodk</KodKategorii>
        <OpisKategorii>opisk</OpisKategorii>
        <BilansOtwarciaWinien>0.00</BilansOtwarciaWinien>
        <BilansOtwarciaMa>0.00</BilansOtwarciaMa>
        <ObrotyWinien>0.00</ObrotyWinien>
        <ObrotyMa>0.00</ObrotyMa>
        <ObrotyWinienNarast>0.00</ObrotyWinienNarast>
        <ObrotyMaNarast>0.00</ObrotyMaNarast>
        <SaldoWinien>0.00</SaldoWinien>
        <SaldoMa>-0.00</SaldoMa>
    </ZOiS>

    <ZOiS  typ="G" >
        <KodKonta>220-90</KodKonta>
        <OpisKonta>INNE ROZRACHUNKI Z BUDŻETEM   </OpisKonta>
        <TypKonta>bilansowe</TypKonta>
        <KodZespolu>2</KodZespolu>
        <OpisZespolu>INNE ROZRA</OpisZespolu>
        <KodKategorii>kodk</KodKategorii>
        <OpisKategorii>opisk</OpisKategorii>
        <BilansOtwarciaWinien>0.00</BilansOtwarciaWinien>
        <BilansOtwarciaMa>0.00</BilansOtwarciaMa>
        <ObrotyWinien>0.00</ObrotyWinien>
        <ObrotyMa>0.00</ObrotyMa>
        <ObrotyWinienNarast>0.00</ObrotyWinienNarast>
        <ObrotyMaNarast>0.00</ObrotyMaNarast>
        <SaldoWinien>0.00</SaldoWinien>
        <SaldoMa>-0.00</SaldoMa>
    </ZOiS>

    <ZOiS  typ="G" >
        <KodKonta>220-92</KodKonta>
        <OpisKonta>PODATEK OD ŚRODKÓW TRANSPORTOW</OpisKonta>
        <TypKonta>bilansowe</TypKonta>
        <KodZespolu>2</KodZespolu>
        <OpisZespolu>PODATEK OD</OpisZespolu>
        <KodKategorii>kodk</KodKategorii>
        <OpisKategorii>opisk</OpisKategorii>
        <BilansOtwarciaWinien>0.00</BilansOtwarciaWinien>
        <BilansOtwarciaMa>0.00</BilansOtwarciaMa>
        <ObrotyWinien>0.00</ObrotyWinien>
        <ObrotyMa>0.00</ObrotyMa>
        <ObrotyWinienNarast>0.00</ObrotyWinienNarast>
        <ObrotyMaNarast>0.00</ObrotyMaNarast>
        <SaldoWinien>0.00</SaldoWinien>
        <SaldoMa>-0.00</SaldoMa>
    </ZOiS>

    <ZOiS  typ="G" >
        <KodKonta>220-93</KodKonta>
        <OpisKonta>FUNDUSZ MIEJSKI               </OpisKonta>
        <TypKonta>bilansowe</TypKonta>
        <KodZespolu>2</KodZespolu>
        <OpisZespolu>FUNDUSZ MI</OpisZespolu>
        <KodKategorii>kodk</KodKategorii>
        <OpisKategorii>opisk</OpisKategorii>
        <BilansOtwarciaWinien>0.00</BilansOtwarciaWinien>
        <BilansOtwarciaMa>0.00</BilansOtwarciaMa>
        <ObrotyWinien>0.00</ObrotyWinien>
        <ObrotyMa>0.00</ObrotyMa>
        <ObrotyWinienNarast>0.00</ObrotyWinienNarast>
        <ObrotyMaNarast>0.00</ObrotyMaNarast>
        <SaldoWinien>0.00</SaldoWinien>
        <SaldoMa>-0.00</SaldoMa>
    </ZOiS>

    <ZOiS  typ="G" >
        <KodKonta>220-94</KodKonta>
        <OpisKonta>OPŁATY ZA UŻYTKOWANIE TERENU  </OpisKonta>
        <TypKonta>bilansowe</TypKonta>
        <KodZespolu>2</KodZespolu>
        <OpisZespolu>OPŁATY ZA </OpisZespolu>
        <KodKategorii>kodk</KodKategorii>
        <OpisKategorii>opisk</OpisKategorii>
        <BilansOtwarciaWinien>0.00</BilansOtwarciaWinien>
        <BilansOtwarciaMa>0.00</BilansOtwarciaMa>
        <ObrotyWinien>0.00</ObrotyWinien>
        <ObrotyMa>0.00</ObrotyMa>
        <ObrotyWinienNarast>0.00</ObrotyWinienNarast>
        <ObrotyMaNarast>0.00</ObrotyMaNarast>
        <SaldoWinien>0.00</SaldoWinien>
        <SaldoMa>-0.00</SaldoMa>
    </ZOiS>

    <ZOiS  typ="G" >
        <KodKonta>220-95</KodKonta>
        <OpisKonta>P.F.R.O.N.                    </OpisKonta>
        <TypKonta>bilansowe</TypKonta>
        <KodZespolu>2</KodZespolu>
        <OpisZespolu>P.F.R.O.N.</OpisZespolu>
        <KodKategorii>kodk</KodKategorii>
        <OpisKategorii>opisk</OpisKategorii>
        <BilansOtwarciaWinien>0.00</BilansOtwarciaWinien>
        <BilansOtwarciaMa>0.00</BilansOtwarciaMa>
        <ObrotyWinien>0.00</ObrotyWinien>
        <ObrotyMa>0.00</ObrotyMa>
        <ObrotyWinienNarast>0.00</ObrotyWinienNarast>
        <ObrotyMaNarast>0.00</ObrotyMaNarast>
        <SaldoWinien>0.00</SaldoWinien>
        <SaldoMa>-0.00</SaldoMa>
    </ZOiS>

    <ZOiS  typ="G" >
        <KodKonta>220-96</KodKonta>
        <OpisKonta>DYWIDENDA OD FUNDUSZU ZAŁOŻYC.</OpisKonta>
        <TypKonta>bilansowe</TypKonta>
        <KodZespolu>2</KodZespolu>
        <OpisZespolu>DYWIDENDA </OpisZespolu>
        <KodKategorii>kodk</KodKategorii>
        <OpisKategorii>opisk</OpisKategorii>
        <BilansOtwarciaWinien>0.00</BilansOtwarciaWinien>
        <BilansOtwarciaMa>0.00</BilansOtwarciaMa>
        <ObrotyWinien>0.00</ObrotyWinien>
        <ObrotyMa>0.00</ObrotyMa>
        <ObrotyWinienNarast>0.00</ObrotyWinienNarast>
        <ObrotyMaNarast>0.00</ObrotyMaNarast>
        <SaldoWinien>0.00</SaldoWinien>
        <SaldoMa>-0.00</SaldoMa>
    </ZOiS>

    <ZOiS  typ="G" >
        <KodKonta>221</KodKonta>
        <OpisKonta>ROZRACHUNKI Z  Z.U.S.         </OpisKonta>
        <TypKonta>bilansowe</TypKonta>
        <KodZespolu>2</KodZespolu>
        <OpisZespolu>ROZRACHUNK</OpisZespolu>
        <KodKategorii>kodk</KodKategorii>
        <OpisKategorii>opisk</OpisKategorii>
        <BilansOtwarciaWinien>0.00</BilansOtwarciaWinien>
        <BilansOtwarciaMa>0.00</BilansOtwarciaMa>
        <ObrotyWinien>0.00</ObrotyWinien>
        <ObrotyMa>0.00</ObrotyMa>
        <ObrotyWinienNarast>0.00</ObrotyWinienNarast>
        <ObrotyMaNarast>0.00</ObrotyMaNarast>
        <SaldoWinien>0.00</SaldoWinien>
        <SaldoMa>-0.00</SaldoMa>
    </ZOiS>

    <ZOiS  typ="G" >
        <KodKonta>221-01</KodKonta>
        <OpisKonta>ROZRACHUNKI Z Z.U.S.</OpisKonta>
        <TypKonta>bilansowe</TypKonta>
        <KodZespolu>2</KodZespolu>
        <OpisZespolu>ROZRACHUNK</OpisZespolu>
        <KodKategorii>kodk</KodKategorii>
        <OpisKategorii>opisk</OpisKategorii>
        <BilansOtwarciaWinien>0.00</BilansOtwarciaWinien>
        <BilansOtwarciaMa>0.00</BilansOtwarciaMa>
        <ObrotyWinien>0.00</ObrotyWinien>
        <ObrotyMa>0.00</ObrotyMa>
        <ObrotyWinienNarast>0.00</ObrotyWinienNarast>
        <ObrotyMaNarast>0.00</ObrotyMaNarast>
        <SaldoWinien>0.00</SaldoWinien>
        <SaldoMa>-0.00</SaldoMa>
    </ZOiS>

    <ZOiS  typ="G" >
        <KodKonta>221-02</KodKonta>
        <OpisKonta>ROZRACHUNKI Z Z.U.S.</OpisKonta>
        <TypKonta>bilansowe</TypKonta>
        <KodZespolu>2</KodZespolu>
        <OpisZespolu>ROZRACHUNK</OpisZespolu>
        <KodKategorii>kodk</KodKategorii>
        <OpisKategorii>opisk</OpisKategorii>
        <BilansOtwarciaWinien>0.00</BilansOtwarciaWinien>
        <BilansOtwarciaMa>0.00</BilansOtwarciaMa>
        <ObrotyWinien>0.00</ObrotyWinien>
        <ObrotyMa>0.00</ObrotyMa>
        <ObrotyWinienNarast>0.00</ObrotyWinienNarast>
        <ObrotyMaNarast>0.00</ObrotyMaNarast>
        <SaldoWinien>0.00</SaldoWinien>
        <SaldoMa>-0.00</SaldoMa>
    </ZOiS>

    <ZOiS  typ="G" >
        <KodKonta>221-03</KodKonta>
        <OpisKonta>ROZRACHUNKI Z Z.U.S.</OpisKonta>
        <TypKonta>bilansowe</TypKonta>
        <KodZespolu>2</KodZespolu>
        <OpisZespolu>ROZRACHUNK</OpisZespolu>
        <KodKategorii>kodk</KodKategorii>
        <OpisKategorii>opisk</OpisKategorii>
        <BilansOtwarciaWinien>0.00</BilansOtwarciaWinien>
        <BilansOtwarciaMa>0.00</BilansOtwarciaMa>
        <ObrotyWinien>0.00</ObrotyWinien>
        <ObrotyMa>0.00</ObrotyMa>
        <ObrotyWinienNarast>0.00</ObrotyWinienNarast>
        <ObrotyMaNarast>0.00</ObrotyMaNarast>
        <SaldoWinien>0.00</SaldoWinien>
        <SaldoMa>-0.00</SaldoMa>
    </ZOiS>

    <ZOiS  typ="G" >
        <KodKonta>221-10</KodKonta>
        <OpisKonta>ZUS PRACODAWCA                </OpisKonta>
        <TypKonta>bilansowe</TypKonta>
        <KodZespolu>2</KodZespolu>
        <OpisZespolu>ZUS PRACOD</OpisZespolu>
        <KodKategorii>kodk</KodKategorii>
        <OpisKategorii>opisk</OpisKategorii>
        <BilansOtwarciaWinien>0.00</BilansOtwarciaWinien>
        <BilansOtwarciaMa>0.00</BilansOtwarciaMa>
        <ObrotyWinien>0.00</ObrotyWinien>
        <ObrotyMa>0.00</ObrotyMa>
        <ObrotyWinienNarast>0.00</ObrotyWinienNarast>
        <ObrotyMaNarast>0.00</ObrotyMaNarast>
        <SaldoWinien>0.00</SaldoWinien>
        <SaldoMa>-0.00</SaldoMa>
    </ZOiS>

    <ZOiS  typ="G" >
        <KodKonta>221-20</KodKonta>
        <OpisKonta>ZUS UBEZPIECZONY              </OpisKonta>
        <TypKonta>bilansowe</TypKonta>
        <KodZespolu>2</KodZespolu>
        <OpisZespolu>ZUS UBEZPI</OpisZespolu>
        <KodKategorii>kodk</KodKategorii>
        <OpisKategorii>opisk</OpisKategorii>
        <BilansOtwarciaWinien>0.00</BilansOtwarciaWinien>
        <BilansOtwarciaMa>0.00</BilansOtwarciaMa>
        <ObrotyWinien>0.00</ObrotyWinien>
        <ObrotyMa>0.00</ObrotyMa>
        <ObrotyWinienNarast>0.00</ObrotyWinienNarast>
        <ObrotyMaNarast>0.00</ObrotyMaNarast>
        <SaldoWinien>0.00</SaldoWinien>
        <SaldoMa>-0.00</SaldoMa>
    </ZOiS>

    <ZOiS  typ="G" >
        <KodKonta>221-30</KodKonta>
        <OpisKonta>ZUS ŚWIADCZENIA ZDROWOTNE</OpisKonta>
        <TypKonta>bilansowe</TypKonta>
        <KodZespolu>2</KodZespolu>
        <OpisZespolu>ZUS ŚWIADC</OpisZespolu>
        <KodKategorii>kodk</KodKategorii>
        <OpisKategorii>opisk</OpisKategorii>
        <BilansOtwarciaWinien>0.00</BilansOtwarciaWinien>
        <BilansOtwarciaMa>0.00</BilansOtwarciaMa>
        <ObrotyWinien>0.00</ObrotyWinien>
        <ObrotyMa>0.00</ObrotyMa>
        <ObrotyWinienNarast>0.00</ObrotyWinienNarast>
        <ObrotyMaNarast>0.00</ObrotyMaNarast>
        <SaldoWinien>0.00</SaldoWinien>
        <SaldoMa>-0.00</SaldoMa>
    </ZOiS>

    <ZOiS  typ="G" >
        <KodKonta>221-40</KodKonta>
        <OpisKonta>ZUS FUNDUSZ PRACY, FGŚP</OpisKonta>
        <TypKonta>bilansowe</TypKonta>
        <KodZespolu>2</KodZespolu>
        <OpisZespolu>ZUS FUNDUS</OpisZespolu>
        <KodKategorii>kodk</KodKategorii>
        <OpisKategorii>opisk</OpisKategorii>
        <BilansOtwarciaWinien>0.00</BilansOtwarciaWinien>
        <BilansOtwarciaMa>0.00</BilansOtwarciaMa>
        <ObrotyWinien>0.00</ObrotyWinien>
        <ObrotyMa>0.00</ObrotyMa>
        <ObrotyWinienNarast>0.00</ObrotyWinienNarast>
        <ObrotyMaNarast>0.00</ObrotyMaNarast>
        <SaldoWinien>0.00</SaldoWinien>
        <SaldoMa>-0.00</SaldoMa>
    </ZOiS>

    <ZOiS  typ="G" >
        <KodKonta>222</KodKonta>
        <OpisKonta>ROZLICZENIE VAT Z URZĘDEM SK. </OpisKonta>
        <TypKonta>bilansowe</TypKonta>
        <KodZespolu>2</KodZespolu>
        <OpisZespolu>ROZLICZENI</OpisZespolu>
        <KodKategorii>kodk</KodKategorii>
        <OpisKategorii>opisk</OpisKategorii>
        <BilansOtwarciaWinien>0.00</BilansOtwarciaWinien>
        <BilansOtwarciaMa>0.00</BilansOtwarciaMa>
        <ObrotyWinien>0.00</ObrotyWinien>
        <ObrotyMa>0.00</ObrotyMa>
        <ObrotyWinienNarast>0.00</ObrotyWinienNarast>
        <ObrotyMaNarast>0.00</ObrotyMaNarast>
        <SaldoWinien>0.00</SaldoWinien>
        <SaldoMa>-0.00</SaldoMa>
    </ZOiS>

    <ZOiS  typ="G" >
        <KodKonta>222-01</KodKonta>
        <OpisKonta>ROZLICZENIE VAT Z URZĘDEM SK.</OpisKonta>
        <TypKonta>bilansowe</TypKonta>
        <KodZespolu>2</KodZespolu>
        <OpisZespolu>ROZLICZENI</OpisZespolu>
        <KodKategorii>kodk</KodKategorii>
        <OpisKategorii>opisk</OpisKategorii>
        <BilansOtwarciaWinien>0.00</BilansOtwarciaWinien>
        <BilansOtwarciaMa>0.00</BilansOtwarciaMa>
        <ObrotyWinien>0.00</ObrotyWinien>
        <ObrotyMa>0.00</ObrotyMa>
        <ObrotyWinienNarast>0.00</ObrotyWinienNarast>
        <ObrotyMaNarast>0.00</ObrotyMaNarast>
        <SaldoWinien>0.00</SaldoWinien>
        <SaldoMa>-0.00</SaldoMa>
    </ZOiS>

    <ZOiS  typ="G" >
        <KodKonta>222-10</KodKonta>
        <OpisKonta>PODATEK VAT NALICZONY</OpisKonta>
        <TypKonta>bilansowe</TypKonta>
        <KodZespolu>2</KodZespolu>
        <OpisZespolu>PODATEK VA</OpisZespolu>
        <KodKategorii>kodk</KodKategorii>
        <OpisKategorii>opisk</OpisKategorii>
        <BilansOtwarciaWinien>0.00</BilansOtwarciaWinien>
        <BilansOtwarciaMa>0.00</BilansOtwarciaMa>
        <ObrotyWinien>675.17</ObrotyWinien>
        <ObrotyMa>0.00</ObrotyMa>
        <ObrotyWinienNarast>675.17</ObrotyWinienNarast>
        <ObrotyMaNarast>0.00</ObrotyMaNarast>
        <SaldoWinien>675.17</SaldoWinien>
        <SaldoMa>0.00</SaldoMa>
    </ZOiS>

    <ZOiS  typ="G" >
        <KodKonta>222-20</KodKonta>
        <OpisKonta>PODATEK VAT NALEŻNY</OpisKonta>
        <TypKonta>bilansowe</TypKonta>
        <KodZespolu>2</KodZespolu>
        <OpisZespolu>PODATEK VA</OpisZespolu>
        <KodKategorii>kodk</KodKategorii>
        <OpisKategorii>opisk</OpisKategorii>
        <BilansOtwarciaWinien>0.00</BilansOtwarciaWinien>
        <BilansOtwarciaMa>0.00</BilansOtwarciaMa>
        <ObrotyWinien>0.00</ObrotyWinien>
        <ObrotyMa>230.00</ObrotyMa>
        <ObrotyWinienNarast>0.00</ObrotyWinienNarast>
        <ObrotyMaNarast>230.00</ObrotyMaNarast>
        <SaldoWinien>0.00</SaldoWinien>
        <SaldoMa>230.00</SaldoMa>
    </ZOiS>

    <ZOiS  typ="G" >
        <KodKonta>222-30</KodKonta>
        <OpisKonta>PODATEK VAT W INNYM OKRESIE</OpisKonta>
        <TypKonta>bilansowe</TypKonta>
        <KodZespolu>2</KodZespolu>
        <OpisZespolu>PODATEK VA</OpisZespolu>
        <KodKategorii>kodk</KodKategorii>
        <OpisKategorii>opisk</OpisKategorii>
        <BilansOtwarciaWinien>0.00</BilansOtwarciaWinien>
        <BilansOtwarciaMa>0.00</BilansOtwarciaMa>
        <ObrotyWinien>0.00</ObrotyWinien>
        <ObrotyMa>0.00</ObrotyMa>
        <ObrotyWinienNarast>0.00</ObrotyWinienNarast>
        <ObrotyMaNarast>0.00</ObrotyMaNarast>
        <SaldoWinien>0.00</SaldoWinien>
        <SaldoMa>-0.00</SaldoMa>
    </ZOiS>

    <ZOiS  typ="G" >
        <KodKonta>222-50</KodKonta>
        <OpisKonta>PODATEK VAT ZWROT BEZPOŚREDNI</OpisKonta>
        <TypKonta>bilansowe</TypKonta>
        <KodZespolu>2</KodZespolu>
        <OpisZespolu>PODATEK VA</OpisZespolu>
        <KodKategorii>kodk</KodKategorii>
        <OpisKategorii>opisk</OpisKategorii>
        <BilansOtwarciaWinien>0.00</BilansOtwarciaWinien>
        <BilansOtwarciaMa>0.00</BilansOtwarciaMa>
        <ObrotyWinien>0.00</ObrotyWinien>
        <ObrotyMa>0.00</ObrotyMa>
        <ObrotyWinienNarast>0.00</ObrotyWinienNarast>
        <ObrotyMaNarast>0.00</ObrotyMaNarast>
        <SaldoWinien>0.00</SaldoWinien>
        <SaldoMa>-0.00</SaldoMa>
    </ZOiS>

    <ZOiS  typ="G" >
        <KodKonta>230</KodKonta>
        <OpisKonta>ROZLICZ.WYNAGRODZEŃ OSOBOWYCH </OpisKonta>
        <TypKonta>bilansowe</TypKonta>
        <KodZespolu>2</KodZespolu>
        <OpisZespolu>ROZLICZ.WY</OpisZespolu>
        <KodKategorii>kodk</KodKategorii>
        <OpisKategorii>opisk</OpisKategorii>
        <BilansOtwarciaWinien>0.00</BilansOtwarciaWinien>
        <BilansOtwarciaMa>0.00</BilansOtwarciaMa>
        <ObrotyWinien>0.00</ObrotyWinien>
        <ObrotyMa>0.00</ObrotyMa>
        <ObrotyWinienNarast>0.00</ObrotyWinienNarast>
        <ObrotyMaNarast>0.00</ObrotyMaNarast>
        <SaldoWinien>0.00</SaldoWinien>
        <SaldoMa>-0.00</SaldoMa>
    </ZOiS>

    <ZOiS  typ="G" >
        <KodKonta>230-01</KodKonta>
        <OpisKonta>ROZL.WYNAGRODZEŃ OSOBOWYCH</OpisKonta>
        <TypKonta>bilansowe</TypKonta>
        <KodZespolu>2</KodZespolu>
        <OpisZespolu>ROZL.WYNAG</OpisZespolu>
        <KodKategorii>kodk</KodKategorii>
        <OpisKategorii>opisk</OpisKategorii>
        <BilansOtwarciaWinien>0.00</BilansOtwarciaWinien>
        <BilansOtwarciaMa>0.00</BilansOtwarciaMa>
        <ObrotyWinien>0.00</ObrotyWinien>
        <ObrotyMa>12450.00</ObrotyMa>
        <ObrotyWinienNarast>0.00</ObrotyWinienNarast>
        <ObrotyMaNarast>12450.00</ObrotyMaNarast>
        <SaldoWinien>0.00</SaldoWinien>
        <SaldoMa>12450.00</SaldoMa>
    </ZOiS>

    <ZOiS  typ="G" >
        <KodKonta>230-15</KodKonta>
        <OpisKonta>ROZLICZENIE WYNAGRO.DYWIDENDY </OpisKonta>
        <TypKonta>bilansowe</TypKonta>
        <KodZespolu>2</KodZespolu>
        <OpisZespolu>ROZLICZENI</OpisZespolu>
        <KodKategorii>kodk</KodKategorii>
        <OpisKategorii>opisk</OpisKategorii>
        <BilansOtwarciaWinien>0.00</BilansOtwarciaWinien>
        <BilansOtwarciaMa>0.00</BilansOtwarciaMa>
        <ObrotyWinien>0.00</ObrotyWinien>
        <ObrotyMa>0.00</ObrotyMa>
        <ObrotyWinienNarast>0.00</ObrotyWinienNarast>
        <ObrotyMaNarast>0.00</ObrotyMaNarast>
        <SaldoWinien>0.00</SaldoWinien>
        <SaldoMa>-0.00</SaldoMa>
    </ZOiS>

    <ZOiS  typ="G" >
        <KodKonta>231</KodKonta>
        <OpisKonta>ROZLICZ.WYNAGRODZEŃ BEZOSOBO. </OpisKonta>
        <TypKonta>bilansowe</TypKonta>
        <KodZespolu>2</KodZespolu>
        <OpisZespolu>ROZLICZ.WY</OpisZespolu>
        <KodKategorii>kodk</KodKategorii>
        <OpisKategorii>opisk</OpisKategorii>
        <BilansOtwarciaWinien>0.00</BilansOtwarciaWinien>
        <BilansOtwarciaMa>0.00</BilansOtwarciaMa>
        <ObrotyWinien>0.00</ObrotyWinien>
        <ObrotyMa>0.00</ObrotyMa>
        <ObrotyWinienNarast>0.00</ObrotyWinienNarast>
        <ObrotyMaNarast>0.00</ObrotyMaNarast>
        <SaldoWinien>0.00</SaldoWinien>
        <SaldoMa>-0.00</SaldoMa>
    </ZOiS>

    <ZOiS  typ="G" >
        <KodKonta>231-01</KodKonta>
        <OpisKonta>ROZLICZ.WYNAGRODZEŃ BEZOSOBO.</OpisKonta>
        <TypKonta>bilansowe</TypKonta>
        <KodZespolu>2</KodZespolu>
        <OpisZespolu>ROZLICZ.WY</OpisZespolu>
        <KodKategorii>kodk</KodKategorii>
        <OpisKategorii>opisk</OpisKategorii>
        <BilansOtwarciaWinien>0.00</BilansOtwarciaWinien>
        <BilansOtwarciaMa>0.00</BilansOtwarciaMa>
        <ObrotyWinien>0.00</ObrotyWinien>
        <ObrotyMa>0.00</ObrotyMa>
        <ObrotyWinienNarast>0.00</ObrotyWinienNarast>
        <ObrotyMaNarast>0.00</ObrotyMaNarast>
        <SaldoWinien>0.00</SaldoWinien>
        <SaldoMa>-0.00</SaldoMa>
    </ZOiS>

    <ZOiS  typ="G" >
        <KodKonta>234</KodKonta>
        <OpisKonta>ROZRACHUNKI Z TYT.ZALICZEK    </OpisKonta>
        <TypKonta>bilansowe</TypKonta>
        <KodZespolu>2</KodZespolu>
        <OpisZespolu>ROZRACHUNK</OpisZespolu>
        <KodKategorii>kodk</KodKategorii>
        <OpisKategorii>opisk</OpisKategorii>
        <BilansOtwarciaWinien>0.00</BilansOtwarciaWinien>
        <BilansOtwarciaMa>0.00</BilansOtwarciaMa>
        <ObrotyWinien>0.00</ObrotyWinien>
        <ObrotyMa>0.00</ObrotyMa>
        <ObrotyWinienNarast>0.00</ObrotyWinienNarast>
        <ObrotyMaNarast>0.00</ObrotyMaNarast>
        <SaldoWinien>0.00</SaldoWinien>
        <SaldoMa>-0.00</SaldoMa>
    </ZOiS>

    <ZOiS  typ="G" >
        <KodKonta>234-01</KodKonta>
        <OpisKonta>ROZRACHUNKI Z TYT.ZALICZEK</OpisKonta>
        <TypKonta>bilansowe</TypKonta>
        <KodZespolu>2</KodZespolu>
        <OpisZespolu>ROZRACHUNK</OpisZespolu>
        <KodKategorii>kodk</KodKategorii>
        <OpisKategorii>opisk</OpisKategorii>
        <BilansOtwarciaWinien>0.00</BilansOtwarciaWinien>
        <BilansOtwarciaMa>0.00</BilansOtwarciaMa>
        <ObrotyWinien>0.00</ObrotyWinien>
        <ObrotyMa>0.00</ObrotyMa>
        <ObrotyWinienNarast>0.00</ObrotyWinienNarast>
        <ObrotyMaNarast>0.00</ObrotyMaNarast>
        <SaldoWinien>0.00</SaldoWinien>
        <SaldoMa>-0.00</SaldoMa>
    </ZOiS>

    <ZOiS  typ="G" >
        <KodKonta>234-02</KodKonta>
        <OpisKonta>ROZRACHUNKI Z TYT.ZALICZEK</OpisKonta>
        <TypKonta>bilansowe</TypKonta>
        <KodZespolu>2</KodZespolu>
        <OpisZespolu>ROZRACHUNK</OpisZespolu>
        <KodKategorii>kodk</KodKategorii>
        <OpisKategorii>opisk</OpisKategorii>
        <BilansOtwarciaWinien>0.00</BilansOtwarciaWinien>
        <BilansOtwarciaMa>0.00</BilansOtwarciaMa>
        <ObrotyWinien>0.00</ObrotyWinien>
        <ObrotyMa>0.00</ObrotyMa>
        <ObrotyWinienNarast>0.00</ObrotyWinienNarast>
        <ObrotyMaNarast>0.00</ObrotyMaNarast>
        <SaldoWinien>0.00</SaldoWinien>
        <SaldoMa>-0.00</SaldoMa>
    </ZOiS>

    <ZOiS  typ="G" >
        <KodKonta>234-03</KodKonta>
        <OpisKonta>ROZRACHUNKI Z TYT.ZALICZEK</OpisKonta>
        <TypKonta>bilansowe</TypKonta>
        <KodZespolu>2</KodZespolu>
        <OpisZespolu>ROZRACHUNK</OpisZespolu>
        <KodKategorii>kodk</KodKategorii>
        <OpisKategorii>opisk</OpisKategorii>
        <BilansOtwarciaWinien>0.00</BilansOtwarciaWinien>
        <BilansOtwarciaMa>0.00</BilansOtwarciaMa>
        <ObrotyWinien>0.00</ObrotyWinien>
        <ObrotyMa>0.00</ObrotyMa>
        <ObrotyWinienNarast>0.00</ObrotyWinienNarast>
        <ObrotyMaNarast>0.00</ObrotyMaNarast>
        <SaldoWinien>0.00</SaldoWinien>
        <SaldoMa>-0.00</SaldoMa>
    </ZOiS>

    <ZOiS  typ="G" >
        <KodKonta>234-20</KodKonta>
        <OpisKonta>INNE ROZRACHUNKI Z PRACOWNIKA.</OpisKonta>
        <TypKonta>bilansowe</TypKonta>
        <KodZespolu>2</KodZespolu>
        <OpisZespolu>INNE ROZRA</OpisZespolu>
        <KodKategorii>kodk</KodKategorii>
        <OpisKategorii>opisk</OpisKategorii>
        <BilansOtwarciaWinien>0.00</BilansOtwarciaWinien>
        <BilansOtwarciaMa>0.00</BilansOtwarciaMa>
        <ObrotyWinien>0.00</ObrotyWinien>
        <ObrotyMa>0.00</ObrotyMa>
        <ObrotyWinienNarast>0.00</ObrotyWinienNarast>
        <ObrotyMaNarast>0.00</ObrotyMaNarast>
        <SaldoWinien>0.00</SaldoWinien>
        <SaldoMa>-0.00</SaldoMa>
    </ZOiS>

    <ZOiS  typ="G" >
        <KodKonta>234-30</KodKonta>
        <OpisKonta>ROZRACHUNKI Z TYT.DEL.ZAGRANI.</OpisKonta>
        <TypKonta>bilansowe</TypKonta>
        <KodZespolu>2</KodZespolu>
        <OpisZespolu>ROZRACHUNK</OpisZespolu>
        <KodKategorii>kodk</KodKategorii>
        <OpisKategorii>opisk</OpisKategorii>
        <BilansOtwarciaWinien>0.00</BilansOtwarciaWinien>
        <BilansOtwarciaMa>0.00</BilansOtwarciaMa>
        <ObrotyWinien>0.00</ObrotyWinien>
        <ObrotyMa>0.00</ObrotyMa>
        <ObrotyWinienNarast>0.00</ObrotyWinienNarast>
        <ObrotyMaNarast>0.00</ObrotyMaNarast>
        <SaldoWinien>0.00</SaldoWinien>
        <SaldoMa>-0.00</SaldoMa>
    </ZOiS>

    <ZOiS  typ="G" >
        <KodKonta>234-40</KodKonta>
        <OpisKonta>UBEZPIECZENIA NA ŻYCIE</OpisKonta>
        <TypKonta>bilansowe</TypKonta>
        <KodZespolu>2</KodZespolu>
        <OpisZespolu>UBEZPIECZE</OpisZespolu>
        <KodKategorii>kodk</KodKategorii>
        <OpisKategorii>opisk</OpisKategorii>
        <BilansOtwarciaWinien>0.00</BilansOtwarciaWinien>
        <BilansOtwarciaMa>0.00</BilansOtwarciaMa>
        <ObrotyWinien>0.00</ObrotyWinien>
        <ObrotyMa>0.00</ObrotyMa>
        <ObrotyWinienNarast>0.00</ObrotyWinienNarast>
        <ObrotyMaNarast>0.00</ObrotyMaNarast>
        <SaldoWinien>0.00</SaldoWinien>
        <SaldoMa>-0.00</SaldoMa>
    </ZOiS>

    <ZOiS  typ="G" >
        <KodKonta>234-50</KodKonta>
        <OpisKonta>ROZRACH. Z TYT.WYPŁ.DYWIDENDY</OpisKonta>
        <TypKonta>bilansowe</TypKonta>
        <KodZespolu>2</KodZespolu>
        <OpisZespolu>ROZRACH. Z</OpisZespolu>
        <KodKategorii>kodk</KodKategorii>
        <OpisKategorii>opisk</OpisKategorii>
        <BilansOtwarciaWinien>0.00</BilansOtwarciaWinien>
        <BilansOtwarciaMa>0.00</BilansOtwarciaMa>
        <ObrotyWinien>0.00</ObrotyWinien>
        <ObrotyMa>0.00</ObrotyMa>
        <ObrotyWinienNarast>0.00</ObrotyWinienNarast>
        <ObrotyMaNarast>0.00</ObrotyMaNarast>
        <SaldoWinien>0.00</SaldoWinien>
        <SaldoMa>-0.00</SaldoMa>
    </ZOiS>

    <ZOiS  typ="G" >
        <KodKonta>238</KodKonta>
        <OpisKonta>ZAJĘCIA KOMORNICZE</OpisKonta>
        <TypKonta>bilansowe</TypKonta>
        <KodZespolu>2</KodZespolu>
        <OpisZespolu>ZAJĘCIA KO</OpisZespolu>
        <KodKategorii>kodk</KodKategorii>
        <OpisKategorii>opisk</OpisKategorii>
        <BilansOtwarciaWinien>0.00</BilansOtwarciaWinien>
        <BilansOtwarciaMa>0.00</BilansOtwarciaMa>
        <ObrotyWinien>0.00</ObrotyWinien>
        <ObrotyMa>0.00</ObrotyMa>
        <ObrotyWinienNarast>0.00</ObrotyWinienNarast>
        <ObrotyMaNarast>0.00</ObrotyMaNarast>
        <SaldoWinien>0.00</SaldoWinien>
        <SaldoMa>-0.00</SaldoMa>
    </ZOiS>

    <ZOiS  typ="G" >
        <KodKonta>238-01</KodKonta>
        <OpisKonta>ZAJĘCIA PRZEZ US</OpisKonta>
        <TypKonta>bilansowe</TypKonta>
        <KodZespolu>2</KodZespolu>
        <OpisZespolu>ZAJĘCIA PR</OpisZespolu>
        <KodKategorii>kodk</KodKategorii>
        <OpisKategorii>opisk</OpisKategorii>
        <BilansOtwarciaWinien>0.00</BilansOtwarciaWinien>
        <BilansOtwarciaMa>0.00</BilansOtwarciaMa>
        <ObrotyWinien>0.00</ObrotyWinien>
        <ObrotyMa>0.00</ObrotyMa>
        <ObrotyWinienNarast>0.00</ObrotyWinienNarast>
        <ObrotyMaNarast>0.00</ObrotyMaNarast>
        <SaldoWinien>0.00</SaldoWinien>
        <SaldoMa>-0.00</SaldoMa>
    </ZOiS>

    <ZOiS  typ="G" >
        <KodKonta>238-02</KodKonta>
        <OpisKonta>ZAJĘCIA PRZEZ ZUS</OpisKonta>
        <TypKonta>bilansowe</TypKonta>
        <KodZespolu>2</KodZespolu>
        <OpisZespolu>ZAJĘCIA PR</OpisZespolu>
        <KodKategorii>kodk</KodKategorii>
        <OpisKategorii>opisk</OpisKategorii>
        <BilansOtwarciaWinien>0.00</BilansOtwarciaWinien>
        <BilansOtwarciaMa>0.00</BilansOtwarciaMa>
        <ObrotyWinien>0.00</ObrotyWinien>
        <ObrotyMa>0.00</ObrotyMa>
        <ObrotyWinienNarast>0.00</ObrotyWinienNarast>
        <ObrotyMaNarast>0.00</ObrotyMaNarast>
        <SaldoWinien>0.00</SaldoWinien>
        <SaldoMa>-0.00</SaldoMa>
    </ZOiS>

    <ZOiS  typ="G" >
        <KodKonta>239</KodKonta>
        <OpisKonta>ROZRACHUNKI INNE</OpisKonta>
        <TypKonta>bilansowe</TypKonta>
        <KodZespolu>2</KodZespolu>
        <OpisZespolu>ROZRACHUNK</OpisZespolu>
        <KodKategorii>kodk</KodKategorii>
        <OpisKategorii>opisk</OpisKategorii>
        <BilansOtwarciaWinien>0.00</BilansOtwarciaWinien>
        <BilansOtwarciaMa>0.00</BilansOtwarciaMa>
        <ObrotyWinien>0.00</ObrotyWinien>
        <ObrotyMa>0.00</ObrotyMa>
        <ObrotyWinienNarast>0.00</ObrotyWinienNarast>
        <ObrotyMaNarast>0.00</ObrotyMaNarast>
        <SaldoWinien>0.00</SaldoWinien>
        <SaldoMa>-0.00</SaldoMa>
    </ZOiS>

    <ZOiS  typ="G" >
        <KodKonta>239-01</KodKonta>
        <OpisKonta>SPRAWY DO WYJAŚNIENIA</OpisKonta>
        <TypKonta>bilansowe</TypKonta>
        <KodZespolu>2</KodZespolu>
        <OpisZespolu>SPRAWY DO </OpisZespolu>
        <KodKategorii>kodk</KodKategorii>
        <OpisKategorii>opisk</OpisKategorii>
        <BilansOtwarciaWinien>0.00</BilansOtwarciaWinien>
        <BilansOtwarciaMa>0.00</BilansOtwarciaMa>
        <ObrotyWinien>0.00</ObrotyWinien>
        <ObrotyMa>0.00</ObrotyMa>
        <ObrotyWinienNarast>0.00</ObrotyWinienNarast>
        <ObrotyMaNarast>0.00</ObrotyMaNarast>
        <SaldoWinien>0.00</SaldoWinien>
        <SaldoMa>-0.00</SaldoMa>
    </ZOiS>

    <ZOiS  typ="G" >
        <KodKonta>239-02</KodKonta>
        <OpisKonta>WYDATKI FINANSOWANE Z ZYSKU   </OpisKonta>
        <TypKonta>bilansowe</TypKonta>
        <KodZespolu>2</KodZespolu>
        <OpisZespolu>WYDATKI FI</OpisZespolu>
        <KodKategorii>kodk</KodKategorii>
        <OpisKategorii>opisk</OpisKategorii>
        <BilansOtwarciaWinien>0.00</BilansOtwarciaWinien>
        <BilansOtwarciaMa>0.00</BilansOtwarciaMa>
        <ObrotyWinien>0.00</ObrotyWinien>
        <ObrotyMa>0.00</ObrotyMa>
        <ObrotyWinienNarast>0.00</ObrotyWinienNarast>
        <ObrotyMaNarast>0.00</ObrotyMaNarast>
        <SaldoWinien>0.00</SaldoWinien>
        <SaldoMa>-0.00</SaldoMa>
    </ZOiS>

    <ZOiS  typ="G" >
        <KodKonta>240</KodKonta>
        <OpisKonta>NALEŻNOśCI NA POCZET KAPITAŁU </OpisKonta>
        <TypKonta>bilansowe</TypKonta>
        <KodZespolu>2</KodZespolu>
        <OpisZespolu>NALEŻNOśCI</OpisZespolu>
        <KodKategorii>kodk</KodKategorii>
        <OpisKategorii>opisk</OpisKategorii>
        <BilansOtwarciaWinien>0.00</BilansOtwarciaWinien>
        <BilansOtwarciaMa>0.00</BilansOtwarciaMa>
        <ObrotyWinien>0.00</ObrotyWinien>
        <ObrotyMa>0.00</ObrotyMa>
        <ObrotyWinienNarast>0.00</ObrotyWinienNarast>
        <ObrotyMaNarast>0.00</ObrotyMaNarast>
        <SaldoWinien>0.00</SaldoWinien>
        <SaldoMa>-0.00</SaldoMa>
    </ZOiS>

    <ZOiS  typ="G" >
        <KodKonta>240-01</KodKonta>
        <OpisKonta>NALEŻNOśCI NA POCZET KAPITAŁU</OpisKonta>
        <TypKonta>bilansowe</TypKonta>
        <KodZespolu>2</KodZespolu>
        <OpisZespolu>NALEŻNOśCI</OpisZespolu>
        <KodKategorii>kodk</KodKategorii>
        <OpisKategorii>opisk</OpisKategorii>
        <BilansOtwarciaWinien>0.00</BilansOtwarciaWinien>
        <BilansOtwarciaMa>0.00</BilansOtwarciaMa>
        <ObrotyWinien>0.00</ObrotyWinien>
        <ObrotyMa>0.00</ObrotyMa>
        <ObrotyWinienNarast>0.00</ObrotyWinienNarast>
        <ObrotyMaNarast>0.00</ObrotyMaNarast>
        <SaldoWinien>0.00</SaldoWinien>
        <SaldoMa>-0.00</SaldoMa>
    </ZOiS>

    <ZOiS  typ="G" >
        <KodKonta>243</KodKonta>
        <OpisKonta>ROZLICZ.NIEDOBORÓW I NADWYŻEK </OpisKonta>
        <TypKonta>bilansowe</TypKonta>
        <KodZespolu>2</KodZespolu>
        <OpisZespolu>ROZLICZ.NI</OpisZespolu>
        <KodKategorii>kodk</KodKategorii>
        <OpisKategorii>opisk</OpisKategorii>
        <BilansOtwarciaWinien>0.00</BilansOtwarciaWinien>
        <BilansOtwarciaMa>0.00</BilansOtwarciaMa>
        <ObrotyWinien>0.00</ObrotyWinien>
        <ObrotyMa>0.00</ObrotyMa>
        <ObrotyWinienNarast>0.00</ObrotyWinienNarast>
        <ObrotyMaNarast>0.00</ObrotyMaNarast>
        <SaldoWinien>0.00</SaldoWinien>
        <SaldoMa>-0.00</SaldoMa>
    </ZOiS>

    <ZOiS  typ="G" >
        <KodKonta>243-000</KodKonta>
        <OpisKonta>ROZLICZ.NIEDOBORÓW I NADWYŻEK</OpisKonta>
        <TypKonta>bilansowe</TypKonta>
        <KodZespolu>2</KodZespolu>
        <OpisZespolu>ROZLICZ.NI</OpisZespolu>
        <KodKategorii>kodk</KodKategorii>
        <OpisKategorii>opisk</OpisKategorii>
        <BilansOtwarciaWinien>0.00</BilansOtwarciaWinien>
        <BilansOtwarciaMa>0.00</BilansOtwarciaMa>
        <ObrotyWinien>0.00</ObrotyWinien>
        <ObrotyMa>0.00</ObrotyMa>
        <ObrotyWinienNarast>0.00</ObrotyWinienNarast>
        <ObrotyMaNarast>0.00</ObrotyMaNarast>
        <SaldoWinien>0.00</SaldoWinien>
        <SaldoMa>-0.00</SaldoMa>
    </ZOiS>

    <ZOiS  typ="G" >
        <KodKonta>244</KodKonta>
        <OpisKonta>ROZL.SPORNE-NIEDOBORY,NADWYŻKI</OpisKonta>
        <TypKonta>bilansowe</TypKonta>
        <KodZespolu>2</KodZespolu>
        <OpisZespolu>ROZL.SPORN</OpisZespolu>
        <KodKategorii>kodk</KodKategorii>
        <OpisKategorii>opisk</OpisKategorii>
        <BilansOtwarciaWinien>0.00</BilansOtwarciaWinien>
        <BilansOtwarciaMa>0.00</BilansOtwarciaMa>
        <ObrotyWinien>0.00</ObrotyWinien>
        <ObrotyMa>0.00</ObrotyMa>
        <ObrotyWinienNarast>0.00</ObrotyWinienNarast>
        <ObrotyMaNarast>0.00</ObrotyMaNarast>
        <SaldoWinien>0.00</SaldoWinien>
        <SaldoMa>-0.00</SaldoMa>
    </ZOiS>

    <ZOiS  typ="G" >
        <KodKonta>244-000</KodKonta>
        <OpisKonta>ROZL.SPORNE-NIEDOBORY,NADWYŻKI</OpisKonta>
        <TypKonta>bilansowe</TypKonta>
        <KodZespolu>2</KodZespolu>
        <OpisZespolu>ROZL.SPORN</OpisZespolu>
        <KodKategorii>kodk</KodKategorii>
        <OpisKategorii>opisk</OpisKategorii>
        <BilansOtwarciaWinien>0.00</BilansOtwarciaWinien>
        <BilansOtwarciaMa>0.00</BilansOtwarciaMa>
        <ObrotyWinien>0.00</ObrotyWinien>
        <ObrotyMa>0.00</ObrotyMa>
        <ObrotyWinienNarast>0.00</ObrotyWinienNarast>
        <ObrotyMaNarast>0.00</ObrotyMaNarast>
        <SaldoWinien>0.00</SaldoWinien>
        <SaldoMa>-0.00</SaldoMa>
    </ZOiS>

    <ZOiS  typ="G" >
        <KodKonta>245</KodKonta>
        <OpisKonta>WYCENA BILANSOWA</OpisKonta>
        <TypKonta>bilansowe</TypKonta>
        <KodZespolu>2</KodZespolu>
        <OpisZespolu>WYCENA BIL</OpisZespolu>
        <KodKategorii>kodk</KodKategorii>
        <OpisKategorii>opisk</OpisKategorii>
        <BilansOtwarciaWinien>0.00</BilansOtwarciaWinien>
        <BilansOtwarciaMa>0.00</BilansOtwarciaMa>
        <ObrotyWinien>0.00</ObrotyWinien>
        <ObrotyMa>0.00</ObrotyMa>
        <ObrotyWinienNarast>0.00</ObrotyWinienNarast>
        <ObrotyMaNarast>0.00</ObrotyMaNarast>
        <SaldoWinien>0.00</SaldoWinien>
        <SaldoMa>-0.00</SaldoMa>
    </ZOiS>

    <ZOiS  typ="G" >
        <KodKonta>245-01</KodKonta>
        <OpisKonta>WYCENA BILANSOWA - EUR</OpisKonta>
        <TypKonta>bilansowe</TypKonta>
        <KodZespolu>2</KodZespolu>
        <OpisZespolu>WYCENA BIL</OpisZespolu>
        <KodKategorii>kodk</KodKategorii>
        <OpisKategorii>opisk</OpisKategorii>
        <BilansOtwarciaWinien>0.00</BilansOtwarciaWinien>
        <BilansOtwarciaMa>0.00</BilansOtwarciaMa>
        <ObrotyWinien>0.00</ObrotyWinien>
        <ObrotyMa>0.00</ObrotyMa>
        <ObrotyWinienNarast>0.00</ObrotyWinienNarast>
        <ObrotyMaNarast>0.00</ObrotyMaNarast>
        <SaldoWinien>0.00</SaldoWinien>
        <SaldoMa>-0.00</SaldoMa>
    </ZOiS>

    <ZOiS  typ="G" >
        <KodKonta>247</KodKonta>
        <OpisKonta>ROSZCZENIA SPORNE             </OpisKonta>
        <TypKonta>bilansowe</TypKonta>
        <KodZespolu>2</KodZespolu>
        <OpisZespolu>ROSZCZENIA</OpisZespolu>
        <KodKategorii>kodk</KodKategorii>
        <OpisKategorii>opisk</OpisKategorii>
        <BilansOtwarciaWinien>0.00</BilansOtwarciaWinien>
        <BilansOtwarciaMa>0.00</BilansOtwarciaMa>
        <ObrotyWinien>0.00</ObrotyWinien>
        <ObrotyMa>0.00</ObrotyMa>
        <ObrotyWinienNarast>0.00</ObrotyWinienNarast>
        <ObrotyMaNarast>0.00</ObrotyMaNarast>
        <SaldoWinien>0.00</SaldoWinien>
        <SaldoMa>-0.00</SaldoMa>
    </ZOiS>

    <ZOiS  typ="G" >
        <KodKonta>247-01</KodKonta>
        <OpisKonta>ROSZCZENIA SPORNE</OpisKonta>
        <TypKonta>bilansowe</TypKonta>
        <KodZespolu>2</KodZespolu>
        <OpisZespolu>ROSZCZENIA</OpisZespolu>
        <KodKategorii>kodk</KodKategorii>
        <OpisKategorii>opisk</OpisKategorii>
        <BilansOtwarciaWinien>0.00</BilansOtwarciaWinien>
        <BilansOtwarciaMa>0.00</BilansOtwarciaMa>
        <ObrotyWinien>0.00</ObrotyWinien>
        <ObrotyMa>0.00</ObrotyMa>
        <ObrotyWinienNarast>0.00</ObrotyWinienNarast>
        <ObrotyMaNarast>0.00</ObrotyMaNarast>
        <SaldoWinien>0.00</SaldoWinien>
        <SaldoMa>-0.00</SaldoMa>
    </ZOiS>

    <ZOiS  typ="G" >
        <KodKonta>247-02</KodKonta>
        <OpisKonta>OPŁATY SĄDOWE                 </OpisKonta>
        <TypKonta>bilansowe</TypKonta>
        <KodZespolu>2</KodZespolu>
        <OpisZespolu>OPŁATY SĄD</OpisZespolu>
        <KodKategorii>kodk</KodKategorii>
        <OpisKategorii>opisk</OpisKategorii>
        <BilansOtwarciaWinien>0.00</BilansOtwarciaWinien>
        <BilansOtwarciaMa>0.00</BilansOtwarciaMa>
        <ObrotyWinien>0.00</ObrotyWinien>
        <ObrotyMa>0.00</ObrotyMa>
        <ObrotyWinienNarast>0.00</ObrotyWinienNarast>
        <ObrotyMaNarast>0.00</ObrotyMaNarast>
        <SaldoWinien>0.00</SaldoWinien>
        <SaldoMa>-0.00</SaldoMa>
    </ZOiS>

    <ZOiS  typ="G" >
        <KodKonta>247-03</KodKonta>
        <OpisKonta>ODPIS AKTUALALIZACYJNY</OpisKonta>
        <TypKonta>bilansowe</TypKonta>
        <KodZespolu>2</KodZespolu>
        <OpisZespolu>ODPIS AKTU</OpisZespolu>
        <KodKategorii>kodk</KodKategorii>
        <OpisKategorii>opisk</OpisKategorii>
        <BilansOtwarciaWinien>0.00</BilansOtwarciaWinien>
        <BilansOtwarciaMa>0.00</BilansOtwarciaMa>
        <ObrotyWinien>0.00</ObrotyWinien>
        <ObrotyMa>0.00</ObrotyMa>
        <ObrotyWinienNarast>0.00</ObrotyWinienNarast>
        <ObrotyMaNarast>0.00</ObrotyMaNarast>
        <SaldoWinien>0.00</SaldoWinien>
        <SaldoMa>-0.00</SaldoMa>
    </ZOiS>

    <ZOiS  typ="G" >
        <KodKonta>247-04</KodKonta>
        <OpisKonta>ODPIS AKTUALALIZACYJNY</OpisKonta>
        <TypKonta>bilansowe</TypKonta>
        <KodZespolu>2</KodZespolu>
        <OpisZespolu>ODPIS AKTU</OpisZespolu>
        <KodKategorii>kodk</KodKategorii>
        <OpisKategorii>opisk</OpisKategorii>
        <BilansOtwarciaWinien>0.00</BilansOtwarciaWinien>
        <BilansOtwarciaMa>0.00</BilansOtwarciaMa>
        <ObrotyWinien>0.00</ObrotyWinien>
        <ObrotyMa>0.00</ObrotyMa>
        <ObrotyWinienNarast>0.00</ObrotyWinienNarast>
        <ObrotyMaNarast>0.00</ObrotyMaNarast>
        <SaldoWinien>0.00</SaldoWinien>
        <SaldoMa>-0.00</SaldoMa>
    </ZOiS>

    <ZOiS  typ="G" >
        <KodKonta>249</KodKonta>
        <OpisKonta>POZOSTAŁE ROZRACHUNKI         </OpisKonta>
        <TypKonta>bilansowe</TypKonta>
        <KodZespolu>2</KodZespolu>
        <OpisZespolu>POZOSTAŁE </OpisZespolu>
        <KodKategorii>kodk</KodKategorii>
        <OpisKategorii>opisk</OpisKategorii>
        <BilansOtwarciaWinien>0.00</BilansOtwarciaWinien>
        <BilansOtwarciaMa>0.00</BilansOtwarciaMa>
        <ObrotyWinien>0.00</ObrotyWinien>
        <ObrotyMa>0.00</ObrotyMa>
        <ObrotyWinienNarast>0.00</ObrotyWinienNarast>
        <ObrotyMaNarast>0.00</ObrotyMaNarast>
        <SaldoWinien>0.00</SaldoWinien>
        <SaldoMa>-0.00</SaldoMa>
    </ZOiS>

    <ZOiS  typ="G" >
        <KodKonta>249-01</KodKonta>
        <OpisKonta>ROZRACHUNKI - KARTY PŁATNICZE </OpisKonta>
        <TypKonta>bilansowe</TypKonta>
        <KodZespolu>2</KodZespolu>
        <OpisZespolu>ROZRACHUNK</OpisZespolu>
        <KodKategorii>kodk</KodKategorii>
        <OpisKategorii>opisk</OpisKategorii>
        <BilansOtwarciaWinien>0.00</BilansOtwarciaWinien>
        <BilansOtwarciaMa>0.00</BilansOtwarciaMa>
        <ObrotyWinien>0.00</ObrotyWinien>
        <ObrotyMa>0.00</ObrotyMa>
        <ObrotyWinienNarast>0.00</ObrotyWinienNarast>
        <ObrotyMaNarast>0.00</ObrotyMaNarast>
        <SaldoWinien>0.00</SaldoWinien>
        <SaldoMa>-0.00</SaldoMa>
    </ZOiS>

    <ZOiS  typ="G" >
        <KodKonta>250</KodKonta>
        <OpisKonta>ROZRACHUNKI Z WŁAŚCICIELEM</OpisKonta>
        <TypKonta>bilansowe</TypKonta>
        <KodZespolu>2</KodZespolu>
        <OpisZespolu>ROZRACHUNK</OpisZespolu>
        <KodKategorii>kodk</KodKategorii>
        <OpisKategorii>opisk</OpisKategorii>
        <BilansOtwarciaWinien>0.00</BilansOtwarciaWinien>
        <BilansOtwarciaMa>0.00</BilansOtwarciaMa>
        <ObrotyWinien>0.00</ObrotyWinien>
        <ObrotyMa>0.00</ObrotyMa>
        <ObrotyWinienNarast>0.00</ObrotyWinienNarast>
        <ObrotyMaNarast>0.00</ObrotyMaNarast>
        <SaldoWinien>0.00</SaldoWinien>
        <SaldoMa>-0.00</SaldoMa>
    </ZOiS>

    <ZOiS  typ="G" >
        <KodKonta>250-01</KodKonta>
        <OpisKonta>ROZRACHUNKI Z WŁAŚCICIELEM</OpisKonta>
        <TypKonta>bilansowe</TypKonta>
        <KodZespolu>2</KodZespolu>
        <OpisZespolu>ROZRACHUNK</OpisZespolu>
        <KodKategorii>kodk</KodKategorii>
        <OpisKategorii>opisk</OpisKategorii>
        <BilansOtwarciaWinien>0.00</BilansOtwarciaWinien>
        <BilansOtwarciaMa>0.00</BilansOtwarciaMa>
        <ObrotyWinien>0.00</ObrotyWinien>
        <ObrotyMa>0.00</ObrotyMa>
        <ObrotyWinienNarast>0.00</ObrotyWinienNarast>
        <ObrotyMaNarast>0.00</ObrotyMaNarast>
        <SaldoWinien>0.00</SaldoWinien>
        <SaldoMa>-0.00</SaldoMa>
    </ZOiS>

    <ZOiS  typ="G" >
        <KodKonta>250-02</KodKonta>
        <OpisKonta>ROZRACHUNKI Z WŁAŚCICIELEM</OpisKonta>
        <TypKonta>bilansowe</TypKonta>
        <KodZespolu>2</KodZespolu>
        <OpisZespolu>ROZRACHUNK</OpisZespolu>
        <KodKategorii>kodk</KodKategorii>
        <OpisKategorii>opisk</OpisKategorii>
        <BilansOtwarciaWinien>0.00</BilansOtwarciaWinien>
        <BilansOtwarciaMa>0.00</BilansOtwarciaMa>
        <ObrotyWinien>0.00</ObrotyWinien>
        <ObrotyMa>0.00</ObrotyMa>
        <ObrotyWinienNarast>0.00</ObrotyWinienNarast>
        <ObrotyMaNarast>0.00</ObrotyMaNarast>
        <SaldoWinien>0.00</SaldoWinien>
        <SaldoMa>-0.00</SaldoMa>
    </ZOiS>

    <ZOiS  typ="G" >
        <KodKonta>250-03</KodKonta>
        <OpisKonta>ROZRACHUNKI Z WŁAŚCICIELEM</OpisKonta>
        <TypKonta>bilansowe</TypKonta>
        <KodZespolu>2</KodZespolu>
        <OpisZespolu>ROZRACHUNK</OpisZespolu>
        <KodKategorii>kodk</KodKategorii>
        <OpisKategorii>opisk</OpisKategorii>
        <BilansOtwarciaWinien>0.00</BilansOtwarciaWinien>
        <BilansOtwarciaMa>0.00</BilansOtwarciaMa>
        <ObrotyWinien>0.00</ObrotyWinien>
        <ObrotyMa>0.00</ObrotyMa>
        <ObrotyWinienNarast>0.00</ObrotyWinienNarast>
        <ObrotyMaNarast>0.00</ObrotyMaNarast>
        <SaldoWinien>0.00</SaldoWinien>
        <SaldoMa>-0.00</SaldoMa>
    </ZOiS>

    <ZOiS  typ="G" >
        <KodKonta>300</KodKonta>
        <OpisKonta>ROZLICZENIE ZAKUPU</OpisKonta>
        <TypKonta>bilansowe</TypKonta>
        <KodZespolu>3</KodZespolu>
        <OpisZespolu>ROZLICZENI</OpisZespolu>
        <KodKategorii>kodk</KodKategorii>
        <OpisKategorii>opisk</OpisKategorii>
        <BilansOtwarciaWinien>0.00</BilansOtwarciaWinien>
        <BilansOtwarciaMa>0.00</BilansOtwarciaMa>
        <ObrotyWinien>0.00</ObrotyWinien>
        <ObrotyMa>0.00</ObrotyMa>
        <ObrotyWinienNarast>0.00</ObrotyWinienNarast>
        <ObrotyMaNarast>0.00</ObrotyMaNarast>
        <SaldoWinien>0.00</SaldoWinien>
        <SaldoMa>-0.00</SaldoMa>
    </ZOiS>

    <ZOiS  typ="G" >
        <KodKonta>300-01</KodKonta>
        <OpisKonta>ROZLICZENIE ZAKUPU - </OpisKonta>
        <TypKonta>bilansowe</TypKonta>
        <KodZespolu>3</KodZespolu>
        <OpisZespolu>ROZLICZENI</OpisZespolu>
        <KodKategorii>kodk</KodKategorii>
        <OpisKategorii>opisk</OpisKategorii>
        <BilansOtwarciaWinien>0.00</BilansOtwarciaWinien>
        <BilansOtwarciaMa>0.00</BilansOtwarciaMa>
        <ObrotyWinien>0.00</ObrotyWinien>
        <ObrotyMa>0.00</ObrotyMa>
        <ObrotyWinienNarast>0.00</ObrotyWinienNarast>
        <ObrotyMaNarast>0.00</ObrotyMaNarast>
        <SaldoWinien>0.00</SaldoWinien>
        <SaldoMa>-0.00</SaldoMa>
    </ZOiS>

    <ZOiS  typ="G" >
        <KodKonta>330</KodKonta>
        <OpisKonta>TOWARY HANDLOWE               </OpisKonta>
        <TypKonta>bilansowe</TypKonta>
        <KodZespolu>3</KodZespolu>
        <OpisZespolu>TOWARY HAN</OpisZespolu>
        <KodKategorii>kodk</KodKategorii>
        <OpisKategorii>opisk</OpisKategorii>
        <BilansOtwarciaWinien>0.00</BilansOtwarciaWinien>
        <BilansOtwarciaMa>0.00</BilansOtwarciaMa>
        <ObrotyWinien>0.00</ObrotyWinien>
        <ObrotyMa>0.00</ObrotyMa>
        <ObrotyWinienNarast>0.00</ObrotyWinienNarast>
        <ObrotyMaNarast>0.00</ObrotyMaNarast>
        <SaldoWinien>0.00</SaldoWinien>
        <SaldoMa>-0.00</SaldoMa>
    </ZOiS>

    <ZOiS  typ="G" >
        <KodKonta>330-01</KodKonta>
        <OpisKonta>TOWARY HANDLOWE</OpisKonta>
        <TypKonta>bilansowe</TypKonta>
        <KodZespolu>3</KodZespolu>
        <OpisZespolu>TOWARY HAN</OpisZespolu>
        <KodKategorii>kodk</KodKategorii>
        <OpisKategorii>opisk</OpisKategorii>
        <BilansOtwarciaWinien>0.00</BilansOtwarciaWinien>
        <BilansOtwarciaMa>0.00</BilansOtwarciaMa>
        <ObrotyWinien>0.00</ObrotyWinien>
        <ObrotyMa>0.00</ObrotyMa>
        <ObrotyWinienNarast>0.00</ObrotyWinienNarast>
        <ObrotyMaNarast>0.00</ObrotyMaNarast>
        <SaldoWinien>0.00</SaldoWinien>
        <SaldoMa>-0.00</SaldoMa>
    </ZOiS>

    <ZOiS  typ="G" >
        <KodKonta>330-02</KodKonta>
        <OpisKonta>TOWARY HANDLOWE -</OpisKonta>
        <TypKonta>bilansowe</TypKonta>
        <KodZespolu>3</KodZespolu>
        <OpisZespolu>TOWARY HAN</OpisZespolu>
        <KodKategorii>kodk</KodKategorii>
        <OpisKategorii>opisk</OpisKategorii>
        <BilansOtwarciaWinien>0.00</BilansOtwarciaWinien>
        <BilansOtwarciaMa>0.00</BilansOtwarciaMa>
        <ObrotyWinien>0.00</ObrotyWinien>
        <ObrotyMa>0.00</ObrotyMa>
        <ObrotyWinienNarast>0.00</ObrotyWinienNarast>
        <ObrotyMaNarast>0.00</ObrotyMaNarast>
        <SaldoWinien>0.00</SaldoWinien>
        <SaldoMa>-0.00</SaldoMa>
    </ZOiS>

    <ZOiS  typ="G" >
        <KodKonta>330-03</KodKonta>
        <OpisKonta>TOWARY HANDLOWE</OpisKonta>
        <TypKonta>bilansowe</TypKonta>
        <KodZespolu>3</KodZespolu>
        <OpisZespolu>TOWARY HAN</OpisZespolu>
        <KodKategorii>kodk</KodKategorii>
        <OpisKategorii>opisk</OpisKategorii>
        <BilansOtwarciaWinien>0.00</BilansOtwarciaWinien>
        <BilansOtwarciaMa>0.00</BilansOtwarciaMa>
        <ObrotyWinien>0.00</ObrotyWinien>
        <ObrotyMa>0.00</ObrotyMa>
        <ObrotyWinienNarast>0.00</ObrotyWinienNarast>
        <ObrotyMaNarast>0.00</ObrotyMaNarast>
        <SaldoWinien>0.00</SaldoWinien>
        <SaldoMa>-0.00</SaldoMa>
    </ZOiS>

    <ZOiS  typ="G" >
        <KodKonta>330-50</KodKonta>
        <OpisKonta>TOWARY HANDLOWE</OpisKonta>
        <TypKonta>bilansowe</TypKonta>
        <KodZespolu>3</KodZespolu>
        <OpisZespolu>TOWARY HAN</OpisZespolu>
        <KodKategorii>kodk</KodKategorii>
        <OpisKategorii>opisk</OpisKategorii>
        <BilansOtwarciaWinien>0.00</BilansOtwarciaWinien>
        <BilansOtwarciaMa>0.00</BilansOtwarciaMa>
        <ObrotyWinien>0.00</ObrotyWinien>
        <ObrotyMa>0.00</ObrotyMa>
        <ObrotyWinienNarast>0.00</ObrotyWinienNarast>
        <ObrotyMaNarast>0.00</ObrotyMaNarast>
        <SaldoWinien>0.00</SaldoWinien>
        <SaldoMa>-0.00</SaldoMa>
    </ZOiS>

    <ZOiS  typ="G" >
        <KodKonta>340</KodKonta>
        <OpisKonta>ODCHYLENIE OD CEN EWIDEN.TOW. </OpisKonta>
        <TypKonta>bilansowe</TypKonta>
        <KodZespolu>3</KodZespolu>
        <OpisZespolu>ODCHYLENIE</OpisZespolu>
        <KodKategorii>kodk</KodKategorii>
        <OpisKategorii>opisk</OpisKategorii>
        <BilansOtwarciaWinien>0.00</BilansOtwarciaWinien>
        <BilansOtwarciaMa>0.00</BilansOtwarciaMa>
        <ObrotyWinien>0.00</ObrotyWinien>
        <ObrotyMa>0.00</ObrotyMa>
        <ObrotyWinienNarast>0.00</ObrotyWinienNarast>
        <ObrotyMaNarast>0.00</ObrotyMaNarast>
        <SaldoWinien>0.00</SaldoWinien>
        <SaldoMa>-0.00</SaldoMa>
    </ZOiS>

    <ZOiS  typ="G" >
        <KodKonta>340-01</KodKonta>
        <OpisKonta>ODCHYLENIA OD CEN EWIDEN.TOW.</OpisKonta>
        <TypKonta>bilansowe</TypKonta>
        <KodZespolu>3</KodZespolu>
        <OpisZespolu>ODCHYLENIA</OpisZespolu>
        <KodKategorii>kodk</KodKategorii>
        <OpisKategorii>opisk</OpisKategorii>
        <BilansOtwarciaWinien>0.00</BilansOtwarciaWinien>
        <BilansOtwarciaMa>0.00</BilansOtwarciaMa>
        <ObrotyWinien>0.00</ObrotyWinien>
        <ObrotyMa>0.00</ObrotyMa>
        <ObrotyWinienNarast>0.00</ObrotyWinienNarast>
        <ObrotyMaNarast>0.00</ObrotyMaNarast>
        <SaldoWinien>0.00</SaldoWinien>
        <SaldoMa>-0.00</SaldoMa>
    </ZOiS>

    <ZOiS  typ="G" >
        <KodKonta>340-02</KodKonta>
        <OpisKonta>ODCHYLENIA-MARŻA - PUNKT 2    </OpisKonta>
        <TypKonta>bilansowe</TypKonta>
        <KodZespolu>3</KodZespolu>
        <OpisZespolu>ODCHYLENIA</OpisZespolu>
        <KodKategorii>kodk</KodKategorii>
        <OpisKategorii>opisk</OpisKategorii>
        <BilansOtwarciaWinien>0.00</BilansOtwarciaWinien>
        <BilansOtwarciaMa>0.00</BilansOtwarciaMa>
        <ObrotyWinien>0.00</ObrotyWinien>
        <ObrotyMa>0.00</ObrotyMa>
        <ObrotyWinienNarast>0.00</ObrotyWinienNarast>
        <ObrotyMaNarast>0.00</ObrotyMaNarast>
        <SaldoWinien>0.00</SaldoWinien>
        <SaldoMa>-0.00</SaldoMa>
    </ZOiS>

    <ZOiS  typ="G" >
        <KodKonta>340-03</KodKonta>
        <OpisKonta>ODCHYLENIA-MARŻA - PUNKT 3    </OpisKonta>
        <TypKonta>bilansowe</TypKonta>
        <KodZespolu>3</KodZespolu>
        <OpisZespolu>ODCHYLENIA</OpisZespolu>
        <KodKategorii>kodk</KodKategorii>
        <OpisKategorii>opisk</OpisKategorii>
        <BilansOtwarciaWinien>0.00</BilansOtwarciaWinien>
        <BilansOtwarciaMa>0.00</BilansOtwarciaMa>
        <ObrotyWinien>0.00</ObrotyWinien>
        <ObrotyMa>0.00</ObrotyMa>
        <ObrotyWinienNarast>0.00</ObrotyWinienNarast>
        <ObrotyMaNarast>0.00</ObrotyMaNarast>
        <SaldoWinien>0.00</SaldoWinien>
        <SaldoMa>-0.00</SaldoMa>
    </ZOiS>

    <ZOiS  typ="G" >
        <KodKonta>341</KodKonta>
        <OpisKonta>ODCHYL.OD CEN EWID.MATERIAŁÓW </OpisKonta>
        <TypKonta>bilansowe</TypKonta>
        <KodZespolu>3</KodZespolu>
        <OpisZespolu>ODCHYL.OD </OpisZespolu>
        <KodKategorii>kodk</KodKategorii>
        <OpisKategorii>opisk</OpisKategorii>
        <BilansOtwarciaWinien>0.00</BilansOtwarciaWinien>
        <BilansOtwarciaMa>0.00</BilansOtwarciaMa>
        <ObrotyWinien>0.00</ObrotyWinien>
        <ObrotyMa>0.00</ObrotyMa>
        <ObrotyWinienNarast>0.00</ObrotyWinienNarast>
        <ObrotyMaNarast>0.00</ObrotyMaNarast>
        <SaldoWinien>0.00</SaldoWinien>
        <SaldoMa>-0.00</SaldoMa>
    </ZOiS>

    <ZOiS  typ="G" >
        <KodKonta>341-01</KodKonta>
        <OpisKonta>ODCHYL.OD CEN EWID.MATERIAŁÓW</OpisKonta>
        <TypKonta>bilansowe</TypKonta>
        <KodZespolu>3</KodZespolu>
        <OpisZespolu>ODCHYL.OD </OpisZespolu>
        <KodKategorii>kodk</KodKategorii>
        <OpisKategorii>opisk</OpisKategorii>
        <BilansOtwarciaWinien>0.00</BilansOtwarciaWinien>
        <BilansOtwarciaMa>0.00</BilansOtwarciaMa>
        <ObrotyWinien>0.00</ObrotyWinien>
        <ObrotyMa>0.00</ObrotyMa>
        <ObrotyWinienNarast>0.00</ObrotyWinienNarast>
        <ObrotyMaNarast>0.00</ObrotyMaNarast>
        <SaldoWinien>0.00</SaldoWinien>
        <SaldoMa>-0.00</SaldoMa>
    </ZOiS>

    <ZOiS  typ="G" >
        <KodKonta>400</KodKonta>
        <OpisKonta>AMORTYZACJA</OpisKonta>
        <TypKonta>bilansowe</TypKonta>
        <KodZespolu>4</KodZespolu>
        <OpisZespolu>AMORTYZACJ</OpisZespolu>
        <KodKategorii>kodk</KodKategorii>
        <OpisKategorii>opisk</OpisKategorii>
        <BilansOtwarciaWinien>0.00</BilansOtwarciaWinien>
        <BilansOtwarciaMa>0.00</BilansOtwarciaMa>
        <ObrotyWinien>0.00</ObrotyWinien>
        <ObrotyMa>0.00</ObrotyMa>
        <ObrotyWinienNarast>0.00</ObrotyWinienNarast>
        <ObrotyMaNarast>0.00</ObrotyMaNarast>
        <SaldoWinien>0.00</SaldoWinien>
        <SaldoMa>-0.00</SaldoMa>
    </ZOiS>

    <ZOiS  typ="G" >
        <KodKonta>400-01</KodKonta>
        <OpisKonta>AMORTYZACJA ŚR.TRWAŁYCH</OpisKonta>
        <TypKonta>bilansowe</TypKonta>
        <KodZespolu>4</KodZespolu>
        <OpisZespolu>AMORTYZACJ</OpisZespolu>
        <KodKategorii>kodk</KodKategorii>
        <OpisKategorii>opisk</OpisKategorii>
        <BilansOtwarciaWinien>0.00</BilansOtwarciaWinien>
        <BilansOtwarciaMa>0.00</BilansOtwarciaMa>
        <ObrotyWinien>2850.00</ObrotyWinien>
        <ObrotyMa>0.00</ObrotyMa>
        <ObrotyWinienNarast>2850.00</ObrotyWinienNarast>
        <ObrotyMaNarast>0.00</ObrotyMaNarast>
        <SaldoWinien>2850.00</SaldoWinien>
        <SaldoMa>0.00</SaldoMa>
    </ZOiS>

    <ZOiS  typ="G" >
        <KodKonta>400-02</KodKonta>
        <OpisKonta>AMORT.ŚR.TRWAŁE-WYPOSAŻENIE</OpisKonta>
        <TypKonta>bilansowe</TypKonta>
        <KodZespolu>4</KodZespolu>
        <OpisZespolu>AMORT.ŚR.T</OpisZespolu>
        <KodKategorii>kodk</KodKategorii>
        <OpisKategorii>opisk</OpisKategorii>
        <BilansOtwarciaWinien>0.00</BilansOtwarciaWinien>
        <BilansOtwarciaMa>0.00</BilansOtwarciaMa>
        <ObrotyWinien>0.00</ObrotyWinien>
        <ObrotyMa>0.00</ObrotyMa>
        <ObrotyWinienNarast>0.00</ObrotyWinienNarast>
        <ObrotyMaNarast>0.00</ObrotyMaNarast>
        <SaldoWinien>0.00</SaldoWinien>
        <SaldoMa>-0.00</SaldoMa>
    </ZOiS>

    <ZOiS  typ="G" >
        <KodKonta>400-03</KodKonta>
        <OpisKonta>AMORTYZACJA WARTOŚCI NIEMATER.</OpisKonta>
        <TypKonta>bilansowe</TypKonta>
        <KodZespolu>4</KodZespolu>
        <OpisZespolu>AMORTYZACJ</OpisZespolu>
        <KodKategorii>kodk</KodKategorii>
        <OpisKategorii>opisk</OpisKategorii>
        <BilansOtwarciaWinien>0.00</BilansOtwarciaWinien>
        <BilansOtwarciaMa>0.00</BilansOtwarciaMa>
        <ObrotyWinien>0.00</ObrotyWinien>
        <ObrotyMa>0.00</ObrotyMa>
        <ObrotyWinienNarast>0.00</ObrotyWinienNarast>
        <ObrotyMaNarast>0.00</ObrotyMaNarast>
        <SaldoWinien>0.00</SaldoWinien>
        <SaldoMa>-0.00</SaldoMa>
    </ZOiS>

    <ZOiS  typ="G" >
        <KodKonta>400-50</KodKonta>
        <OpisKonta>AMORTYZACJA N.K.U.P.</OpisKonta>
        <TypKonta>bilansowe</TypKonta>
        <KodZespolu>4</KodZespolu>
        <OpisZespolu>AMORTYZACJ</OpisZespolu>
        <KodKategorii>kodk</KodKategorii>
        <OpisKategorii>opisk</OpisKategorii>
        <BilansOtwarciaWinien>0.00</BilansOtwarciaWinien>
        <BilansOtwarciaMa>0.00</BilansOtwarciaMa>
        <ObrotyWinien>0.00</ObrotyWinien>
        <ObrotyMa>0.00</ObrotyMa>
        <ObrotyWinienNarast>0.00</ObrotyWinienNarast>
        <ObrotyMaNarast>0.00</ObrotyMaNarast>
        <SaldoWinien>0.00</SaldoWinien>
        <SaldoMa>-0.00</SaldoMa>
    </ZOiS>

    <ZOiS  typ="G" >
        <KodKonta>400-60</KodKonta>
        <OpisKonta>AMORTYZACJA-ULGA INWESTYCYJNA </OpisKonta>
        <TypKonta>bilansowe</TypKonta>
        <KodZespolu>4</KodZespolu>
        <OpisZespolu>AMORTYZACJ</OpisZespolu>
        <KodKategorii>kodk</KodKategorii>
        <OpisKategorii>opisk</OpisKategorii>
        <BilansOtwarciaWinien>0.00</BilansOtwarciaWinien>
        <BilansOtwarciaMa>0.00</BilansOtwarciaMa>
        <ObrotyWinien>0.00</ObrotyWinien>
        <ObrotyMa>0.00</ObrotyMa>
        <ObrotyWinienNarast>0.00</ObrotyWinienNarast>
        <ObrotyMaNarast>0.00</ObrotyMaNarast>
        <SaldoWinien>0.00</SaldoWinien>
        <SaldoMa>-0.00</SaldoMa>
    </ZOiS>

    <ZOiS  typ="G" >
        <KodKonta>401</KodKonta>
        <OpisKonta>ZUŻYCIE MATERIAŁÓW            </OpisKonta>
        <TypKonta>bilansowe</TypKonta>
        <KodZespolu>4</KodZespolu>
        <OpisZespolu>ZUŻYCIE MA</OpisZespolu>
        <KodKategorii>kodk</KodKategorii>
        <OpisKategorii>opisk</OpisKategorii>
        <BilansOtwarciaWinien>0.00</BilansOtwarciaWinien>
        <BilansOtwarciaMa>0.00</BilansOtwarciaMa>
        <ObrotyWinien>0.00</ObrotyWinien>
        <ObrotyMa>0.00</ObrotyMa>
        <ObrotyWinienNarast>0.00</ObrotyWinienNarast>
        <ObrotyMaNarast>0.00</ObrotyMaNarast>
        <SaldoWinien>0.00</SaldoWinien>
        <SaldoMa>-0.00</SaldoMa>
    </ZOiS>

    <ZOiS  typ="G" >
        <KodKonta>401-01</KodKonta>
        <OpisKonta>ZUŻYCIE MATERIAŁÓW</OpisKonta>
        <TypKonta>bilansowe</TypKonta>
        <KodZespolu>4</KodZespolu>
        <OpisZespolu>ZUŻYCIE MA</OpisZespolu>
        <KodKategorii>kodk</KodKategorii>
        <OpisKategorii>opisk</OpisKategorii>
        <BilansOtwarciaWinien>0.00</BilansOtwarciaWinien>
        <BilansOtwarciaMa>0.00</BilansOtwarciaMa>
        <ObrotyWinien>0.00</ObrotyWinien>
        <ObrotyMa>0.00</ObrotyMa>
        <ObrotyWinienNarast>0.00</ObrotyWinienNarast>
        <ObrotyMaNarast>0.00</ObrotyMaNarast>
        <SaldoWinien>0.00</SaldoWinien>
        <SaldoMa>-0.00</SaldoMa>
    </ZOiS>

    <ZOiS  typ="G" >
        <KodKonta>401-02</KodKonta>
        <OpisKonta>KOSZTY PALIWA,MAT.EKSPL.CZĘśCI</OpisKonta>
        <TypKonta>bilansowe</TypKonta>
        <KodZespolu>4</KodZespolu>
        <OpisZespolu>KOSZTY PAL</OpisZespolu>
        <KodKategorii>kodk</KodKategorii>
        <OpisKategorii>opisk</OpisKategorii>
        <BilansOtwarciaWinien>0.00</BilansOtwarciaWinien>
        <BilansOtwarciaMa>0.00</BilansOtwarciaMa>
        <ObrotyWinien>0.00</ObrotyWinien>
        <ObrotyMa>0.00</ObrotyMa>
        <ObrotyWinienNarast>0.00</ObrotyWinienNarast>
        <ObrotyMaNarast>0.00</ObrotyMaNarast>
        <SaldoWinien>0.00</SaldoWinien>
        <SaldoMa>-0.00</SaldoMa>
    </ZOiS>

    <ZOiS  typ="G" >
        <KodKonta>401-03</KodKonta>
        <OpisKonta>MATERIAŁY BIUROWE,BHP,DROBNE  </OpisKonta>
        <TypKonta>bilansowe</TypKonta>
        <KodZespolu>4</KodZespolu>
        <OpisZespolu>MATERIAŁY </OpisZespolu>
        <KodKategorii>kodk</KodKategorii>
        <OpisKategorii>opisk</OpisKategorii>
        <BilansOtwarciaWinien>0.00</BilansOtwarciaWinien>
        <BilansOtwarciaMa>0.00</BilansOtwarciaMa>
        <ObrotyWinien>0.00</ObrotyWinien>
        <ObrotyMa>0.00</ObrotyMa>
        <ObrotyWinienNarast>0.00</ObrotyWinienNarast>
        <ObrotyMaNarast>0.00</ObrotyMaNarast>
        <SaldoWinien>0.00</SaldoWinien>
        <SaldoMa>-0.00</SaldoMa>
    </ZOiS>

    <ZOiS  typ="G" >
        <KodKonta>401-04</KodKonta>
        <OpisKonta>KOSZTY ENERGII I INNE         </OpisKonta>
        <TypKonta>bilansowe</TypKonta>
        <KodZespolu>4</KodZespolu>
        <OpisZespolu>KOSZTY ENE</OpisZespolu>
        <KodKategorii>kodk</KodKategorii>
        <OpisKategorii>opisk</OpisKategorii>
        <BilansOtwarciaWinien>0.00</BilansOtwarciaWinien>
        <BilansOtwarciaMa>0.00</BilansOtwarciaMa>
        <ObrotyWinien>0.00</ObrotyWinien>
        <ObrotyMa>0.00</ObrotyMa>
        <ObrotyWinienNarast>0.00</ObrotyWinienNarast>
        <ObrotyMaNarast>0.00</ObrotyMaNarast>
        <SaldoWinien>0.00</SaldoWinien>
        <SaldoMa>-0.00</SaldoMa>
    </ZOiS>

    <ZOiS  typ="G" >
        <KodKonta>401-05</KodKonta>
        <OpisKonta>PRENUMERATY                   </OpisKonta>
        <TypKonta>bilansowe</TypKonta>
        <KodZespolu>4</KodZespolu>
        <OpisZespolu>PRENUMERAT</OpisZespolu>
        <KodKategorii>kodk</KodKategorii>
        <OpisKategorii>opisk</OpisKategorii>
        <BilansOtwarciaWinien>0.00</BilansOtwarciaWinien>
        <BilansOtwarciaMa>0.00</BilansOtwarciaMa>
        <ObrotyWinien>0.00</ObrotyWinien>
        <ObrotyMa>0.00</ObrotyMa>
        <ObrotyWinienNarast>0.00</ObrotyWinienNarast>
        <ObrotyMaNarast>0.00</ObrotyMaNarast>
        <SaldoWinien>0.00</SaldoWinien>
        <SaldoMa>-0.00</SaldoMa>
    </ZOiS>

    <ZOiS  typ="G" >
        <KodKonta>402</KodKonta>
        <OpisKonta>USŁUGI OBCE</OpisKonta>
        <TypKonta>bilansowe</TypKonta>
        <KodZespolu>4</KodZespolu>
        <OpisZespolu>USŁUGI OBC</OpisZespolu>
        <KodKategorii>kodk</KodKategorii>
        <OpisKategorii>opisk</OpisKategorii>
        <BilansOtwarciaWinien>0.00</BilansOtwarciaWinien>
        <BilansOtwarciaMa>0.00</BilansOtwarciaMa>
        <ObrotyWinien>0.00</ObrotyWinien>
        <ObrotyMa>0.00</ObrotyMa>
        <ObrotyWinienNarast>0.00</ObrotyWinienNarast>
        <ObrotyMaNarast>0.00</ObrotyMaNarast>
        <SaldoWinien>0.00</SaldoWinien>
        <SaldoMa>-0.00</SaldoMa>
    </ZOiS>

    <ZOiS  typ="G" >
        <KodKonta>402-01</KodKonta>
        <OpisKonta>USŁUGI I PROWIZJE BANKOWE</OpisKonta>
        <TypKonta>bilansowe</TypKonta>
        <KodZespolu>4</KodZespolu>
        <OpisZespolu>USŁUGI I P</OpisZespolu>
        <KodKategorii>kodk</KodKategorii>
        <OpisKategorii>opisk</OpisKategorii>
        <BilansOtwarciaWinien>0.00</BilansOtwarciaWinien>
        <BilansOtwarciaMa>0.00</BilansOtwarciaMa>
        <ObrotyWinien>0.00</ObrotyWinien>
        <ObrotyMa>0.00</ObrotyMa>
        <ObrotyWinienNarast>0.00</ObrotyWinienNarast>
        <ObrotyMaNarast>0.00</ObrotyMaNarast>
        <SaldoWinien>0.00</SaldoWinien>
        <SaldoMa>-0.00</SaldoMa>
    </ZOiS>

    <ZOiS  typ="G" >
        <KodKonta>402-02</KodKonta>
        <OpisKonta>USŁUGI POCZTOWE I TELEKOMUNIK.</OpisKonta>
        <TypKonta>bilansowe</TypKonta>
        <KodZespolu>4</KodZespolu>
        <OpisZespolu>USŁUGI POC</OpisZespolu>
        <KodKategorii>kodk</KodKategorii>
        <OpisKategorii>opisk</OpisKategorii>
        <BilansOtwarciaWinien>0.00</BilansOtwarciaWinien>
        <BilansOtwarciaMa>0.00</BilansOtwarciaMa>
        <ObrotyWinien>45.50</ObrotyWinien>
        <ObrotyMa>0.00</ObrotyMa>
        <ObrotyWinienNarast>45.50</ObrotyWinienNarast>
        <ObrotyMaNarast>0.00</ObrotyMaNarast>
        <SaldoWinien>45.50</SaldoWinien>
        <SaldoMa>0.00</SaldoMa>
    </ZOiS>

    <ZOiS  typ="G" >
        <KodKonta>402-03</KodKonta>
        <OpisKonta>USŁUGI TRANSPORTU OBCEGO      </OpisKonta>
        <TypKonta>bilansowe</TypKonta>
        <KodZespolu>4</KodZespolu>
        <OpisZespolu>USŁUGI TRA</OpisZespolu>
        <KodKategorii>kodk</KodKategorii>
        <OpisKategorii>opisk</OpisKategorii>
        <BilansOtwarciaWinien>0.00</BilansOtwarciaWinien>
        <BilansOtwarciaMa>0.00</BilansOtwarciaMa>
        <ObrotyWinien>0.00</ObrotyWinien>
        <ObrotyMa>0.00</ObrotyMa>
        <ObrotyWinienNarast>0.00</ObrotyWinienNarast>
        <ObrotyMaNarast>0.00</ObrotyMaNarast>
        <SaldoWinien>0.00</SaldoWinien>
        <SaldoMa>-0.00</SaldoMa>
    </ZOiS>

    <ZOiS  typ="G" >
        <KodKonta>402-04</KodKonta>
        <OpisKonta>KOSZTY CZYNSZU</OpisKonta>
        <TypKonta>bilansowe</TypKonta>
        <KodZespolu>4</KodZespolu>
        <OpisZespolu>KOSZTY CZY</OpisZespolu>
        <KodKategorii>kodk</KodKategorii>
        <OpisKategorii>opisk</OpisKategorii>
        <BilansOtwarciaWinien>0.00</BilansOtwarciaWinien>
        <BilansOtwarciaMa>0.00</BilansOtwarciaMa>
        <ObrotyWinien>0.00</ObrotyWinien>
        <ObrotyMa>0.00</ObrotyMa>
        <ObrotyWinienNarast>0.00</ObrotyWinienNarast>
        <ObrotyMaNarast>0.00</ObrotyMaNarast>
        <SaldoWinien>0.00</SaldoWinien>
        <SaldoMa>-0.00</SaldoMa>
    </ZOiS>

    <ZOiS  typ="G" >
        <KodKonta>402-05</KodKonta>
        <OpisKonta>POZOSTAŁE CZYNSZE I NAJMY</OpisKonta>
        <TypKonta>bilansowe</TypKonta>
        <KodZespolu>4</KodZespolu>
        <OpisZespolu>POZOSTAŁE </OpisZespolu>
        <KodKategorii>kodk</KodKategorii>
        <OpisKategorii>opisk</OpisKategorii>
        <BilansOtwarciaWinien>0.00</BilansOtwarciaWinien>
        <BilansOtwarciaMa>0.00</BilansOtwarciaMa>
        <ObrotyWinien>0.00</ObrotyWinien>
        <ObrotyMa>0.00</ObrotyMa>
        <ObrotyWinienNarast>0.00</ObrotyWinienNarast>
        <ObrotyMaNarast>0.00</ObrotyMaNarast>
        <SaldoWinien>0.00</SaldoWinien>
        <SaldoMa>-0.00</SaldoMa>
    </ZOiS>

    <ZOiS  typ="G" >
        <KodKonta>402-10</KodKonta>
        <OpisKonta>KOSZTY UBEZPIECZEŃ</OpisKonta>
        <TypKonta>bilansowe</TypKonta>
        <KodZespolu>4</KodZespolu>
        <OpisZespolu>KOSZTY UBE</OpisZespolu>
        <KodKategorii>kodk</KodKategorii>
        <OpisKategorii>opisk</OpisKategorii>
        <BilansOtwarciaWinien>0.00</BilansOtwarciaWinien>
        <BilansOtwarciaMa>0.00</BilansOtwarciaMa>
        <ObrotyWinien>0.00</ObrotyWinien>
        <ObrotyMa>0.00</ObrotyMa>
        <ObrotyWinienNarast>0.00</ObrotyWinienNarast>
        <ObrotyMaNarast>0.00</ObrotyMaNarast>
        <SaldoWinien>0.00</SaldoWinien>
        <SaldoMa>-0.00</SaldoMa>
    </ZOiS>

    <ZOiS  typ="G" >
        <KodKonta>402-50</KodKonta>
        <OpisKonta>KOSZTY PRODUKCYJNE-POMOCNICZE</OpisKonta>
        <TypKonta>bilansowe</TypKonta>
        <KodZespolu>4</KodZespolu>
        <OpisZespolu>KOSZTY PRO</OpisZespolu>
        <KodKategorii>kodk</KodKategorii>
        <OpisKategorii>opisk</OpisKategorii>
        <BilansOtwarciaWinien>0.00</BilansOtwarciaWinien>
        <BilansOtwarciaMa>0.00</BilansOtwarciaMa>
        <ObrotyWinien>0.00</ObrotyWinien>
        <ObrotyMa>0.00</ObrotyMa>
        <ObrotyWinienNarast>0.00</ObrotyWinienNarast>
        <ObrotyMaNarast>0.00</ObrotyMaNarast>
        <SaldoWinien>0.00</SaldoWinien>
        <SaldoMa>-0.00</SaldoMa>
    </ZOiS>

    <ZOiS  typ="G" >
        <KodKonta>402-55</KodKonta>
        <OpisKonta>USŁUGI REKLAMOWE, MARKETINGOWE</OpisKonta>
        <TypKonta>bilansowe</TypKonta>
        <KodZespolu>4</KodZespolu>
        <OpisZespolu>USŁUGI REK</OpisZespolu>
        <KodKategorii>kodk</KodKategorii>
        <OpisKategorii>opisk</OpisKategorii>
        <BilansOtwarciaWinien>0.00</BilansOtwarciaWinien>
        <BilansOtwarciaMa>0.00</BilansOtwarciaMa>
        <ObrotyWinien>0.00</ObrotyWinien>
        <ObrotyMa>0.00</ObrotyMa>
        <ObrotyWinienNarast>0.00</ObrotyWinienNarast>
        <ObrotyMaNarast>0.00</ObrotyMaNarast>
        <SaldoWinien>0.00</SaldoWinien>
        <SaldoMa>-0.00</SaldoMa>
    </ZOiS>

    <ZOiS  typ="G" >
        <KodKonta>402-60</KodKonta>
        <OpisKonta>OPŁATY PARKINGOWE, MYJNIA</OpisKonta>
        <TypKonta>bilansowe</TypKonta>
        <KodZespolu>4</KodZespolu>
        <OpisZespolu>OPŁATY PAR</OpisZespolu>
        <KodKategorii>kodk</KodKategorii>
        <OpisKategorii>opisk</OpisKategorii>
        <BilansOtwarciaWinien>0.00</BilansOtwarciaWinien>
        <BilansOtwarciaMa>0.00</BilansOtwarciaMa>
        <ObrotyWinien>0.00</ObrotyWinien>
        <ObrotyMa>0.00</ObrotyMa>
        <ObrotyWinienNarast>0.00</ObrotyWinienNarast>
        <ObrotyMaNarast>0.00</ObrotyMaNarast>
        <SaldoWinien>0.00</SaldoWinien>
        <SaldoMa>-0.00</SaldoMa>
    </ZOiS>

    <ZOiS  typ="G" >
        <KodKonta>402-70</KodKonta>
        <OpisKonta>USŁUGI REMONTOWE              </OpisKonta>
        <TypKonta>bilansowe</TypKonta>
        <KodZespolu>4</KodZespolu>
        <OpisZespolu>USŁUGI REM</OpisZespolu>
        <KodKategorii>kodk</KodKategorii>
        <OpisKategorii>opisk</OpisKategorii>
        <BilansOtwarciaWinien>0.00</BilansOtwarciaWinien>
        <BilansOtwarciaMa>0.00</BilansOtwarciaMa>
        <ObrotyWinien>0.00</ObrotyWinien>
        <ObrotyMa>0.00</ObrotyMa>
        <ObrotyWinienNarast>0.00</ObrotyWinienNarast>
        <ObrotyMaNarast>0.00</ObrotyMaNarast>
        <SaldoWinien>0.00</SaldoWinien>
        <SaldoMa>-0.00</SaldoMa>
    </ZOiS>

    <ZOiS  typ="G" >
        <KodKonta>402-75</KodKonta>
        <OpisKonta>USŁUGI KOMUNALNE</OpisKonta>
        <TypKonta>bilansowe</TypKonta>
        <KodZespolu>4</KodZespolu>
        <OpisZespolu>USŁUGI KOM</OpisZespolu>
        <KodKategorii>kodk</KodKategorii>
        <OpisKategorii>opisk</OpisKategorii>
        <BilansOtwarciaWinien>0.00</BilansOtwarciaWinien>
        <BilansOtwarciaMa>0.00</BilansOtwarciaMa>
        <ObrotyWinien>0.00</ObrotyWinien>
        <ObrotyMa>0.00</ObrotyMa>
        <ObrotyWinienNarast>0.00</ObrotyWinienNarast>
        <ObrotyMaNarast>0.00</ObrotyMaNarast>
        <SaldoWinien>0.00</SaldoWinien>
        <SaldoMa>-0.00</SaldoMa>
    </ZOiS>

    <ZOiS  typ="G" >
        <KodKonta>402-80</KodKonta>
        <OpisKonta>USŁUGI LEASINGOWE             </OpisKonta>
        <TypKonta>bilansowe</TypKonta>
        <KodZespolu>4</KodZespolu>
        <OpisZespolu>USŁUGI LEA</OpisZespolu>
        <KodKategorii>kodk</KodKategorii>
        <OpisKategorii>opisk</OpisKategorii>
        <BilansOtwarciaWinien>0.00</BilansOtwarciaWinien>
        <BilansOtwarciaMa>0.00</BilansOtwarciaMa>
        <ObrotyWinien>0.00</ObrotyWinien>
        <ObrotyMa>0.00</ObrotyMa>
        <ObrotyWinienNarast>0.00</ObrotyWinienNarast>
        <ObrotyMaNarast>0.00</ObrotyMaNarast>
        <SaldoWinien>0.00</SaldoWinien>
        <SaldoMa>-0.00</SaldoMa>
    </ZOiS>

    <ZOiS  typ="G" >
        <KodKonta>402-90</KodKonta>
        <OpisKonta>POZOSTAŁE USŁUGI              </OpisKonta>
        <TypKonta>bilansowe</TypKonta>
        <KodZespolu>4</KodZespolu>
        <OpisZespolu>POZOSTAŁE </OpisZespolu>
        <KodKategorii>kodk</KodKategorii>
        <OpisKategorii>opisk</OpisKategorii>
        <BilansOtwarciaWinien>0.00</BilansOtwarciaWinien>
        <BilansOtwarciaMa>0.00</BilansOtwarciaMa>
        <ObrotyWinien>0.00</ObrotyWinien>
        <ObrotyMa>0.00</ObrotyMa>
        <ObrotyWinienNarast>0.00</ObrotyWinienNarast>
        <ObrotyMaNarast>0.00</ObrotyMaNarast>
        <SaldoWinien>0.00</SaldoWinien>
        <SaldoMa>-0.00</SaldoMa>
    </ZOiS>

    <ZOiS  typ="G" >
        <KodKonta>402-91</KodKonta>
        <OpisKonta>USŁUGI KSIĘGOWE               </OpisKonta>
        <TypKonta>bilansowe</TypKonta>
        <KodZespolu>4</KodZespolu>
        <OpisZespolu>USŁUGI KSI</OpisZespolu>
        <KodKategorii>kodk</KodKategorii>
        <OpisKategorii>opisk</OpisKategorii>
        <BilansOtwarciaWinien>0.00</BilansOtwarciaWinien>
        <BilansOtwarciaMa>0.00</BilansOtwarciaMa>
        <ObrotyWinien>0.00</ObrotyWinien>
        <ObrotyMa>0.00</ObrotyMa>
        <ObrotyWinienNarast>0.00</ObrotyWinienNarast>
        <ObrotyMaNarast>0.00</ObrotyMaNarast>
        <SaldoWinien>0.00</SaldoWinien>
        <SaldoMa>-0.00</SaldoMa>
    </ZOiS>

    <ZOiS  typ="G" >
        <KodKonta>402-92</KodKonta>
        <OpisKonta>SZKOLENIA</OpisKonta>
        <TypKonta>bilansowe</TypKonta>
        <KodZespolu>4</KodZespolu>
        <OpisZespolu>SZKOLENIA</OpisZespolu>
        <KodKategorii>kodk</KodKategorii>
        <OpisKategorii>opisk</OpisKategorii>
        <BilansOtwarciaWinien>0.00</BilansOtwarciaWinien>
        <BilansOtwarciaMa>0.00</BilansOtwarciaMa>
        <ObrotyWinien>0.00</ObrotyWinien>
        <ObrotyMa>0.00</ObrotyMa>
        <ObrotyWinienNarast>0.00</ObrotyWinienNarast>
        <ObrotyMaNarast>0.00</ObrotyMaNarast>
        <SaldoWinien>0.00</SaldoWinien>
        <SaldoMa>-0.00</SaldoMa>
    </ZOiS>

    <ZOiS  typ="G" >
        <KodKonta>403</KodKonta>
        <OpisKonta>WYNAGRODZENIA OSOBOWE         </OpisKonta>
        <TypKonta>bilansowe</TypKonta>
        <KodZespolu>4</KodZespolu>
        <OpisZespolu>WYNAGRODZE</OpisZespolu>
        <KodKategorii>kodk</KodKategorii>
        <OpisKategorii>opisk</OpisKategorii>
        <BilansOtwarciaWinien>0.00</BilansOtwarciaWinien>
        <BilansOtwarciaMa>0.00</BilansOtwarciaMa>
        <ObrotyWinien>0.00</ObrotyWinien>
        <ObrotyMa>0.00</ObrotyMa>
        <ObrotyWinienNarast>0.00</ObrotyWinienNarast>
        <ObrotyMaNarast>0.00</ObrotyMaNarast>
        <SaldoWinien>0.00</SaldoWinien>
        <SaldoMa>-0.00</SaldoMa>
    </ZOiS>

    <ZOiS  typ="G" >
        <KodKonta>403-01</KodKonta>
        <OpisKonta>WYNAGRODZENIA OSOBOWE</OpisKonta>
        <TypKonta>bilansowe</TypKonta>
        <KodZespolu>4</KodZespolu>
        <OpisZespolu>WYNAGRODZE</OpisZespolu>
        <KodKategorii>kodk</KodKategorii>
        <OpisKategorii>opisk</OpisKategorii>
        <BilansOtwarciaWinien>0.00</BilansOtwarciaWinien>
        <BilansOtwarciaMa>0.00</BilansOtwarciaMa>
        <ObrotyWinien>12450.00</ObrotyWinien>
        <ObrotyMa>0.00</ObrotyMa>
        <ObrotyWinienNarast>12450.00</ObrotyWinienNarast>
        <ObrotyMaNarast>0.00</ObrotyMaNarast>
        <SaldoWinien>12450.00</SaldoWinien>
        <SaldoMa>0.00</SaldoMa>
    </ZOiS>

    <ZOiS  typ="G" >
        <KodKonta>403-02</KodKonta>
        <OpisKonta>WYNAGRODZENIA CHOROBOWE 33 DNI</OpisKonta>
        <TypKonta>bilansowe</TypKonta>
        <KodZespolu>4</KodZespolu>
        <OpisZespolu>WYNAGRODZE</OpisZespolu>
        <KodKategorii>kodk</KodKategorii>
        <OpisKategorii>opisk</OpisKategorii>
        <BilansOtwarciaWinien>0.00</BilansOtwarciaWinien>
        <BilansOtwarciaMa>0.00</BilansOtwarciaMa>
        <ObrotyWinien>0.00</ObrotyWinien>
        <ObrotyMa>0.00</ObrotyMa>
        <ObrotyWinienNarast>0.00</ObrotyWinienNarast>
        <ObrotyMaNarast>0.00</ObrotyMaNarast>
        <SaldoWinien>0.00</SaldoWinien>
        <SaldoMa>-0.00</SaldoMa>
    </ZOiS>

    <ZOiS  typ="G" >
        <KodKonta>403-04</KodKonta>
        <OpisKonta>WYNAGRODZENIA BEZOSOBOWE      </OpisKonta>
        <TypKonta>bilansowe</TypKonta>
        <KodZespolu>4</KodZespolu>
        <OpisZespolu>WYNAGRODZE</OpisZespolu>
        <KodKategorii>kodk</KodKategorii>
        <OpisKategorii>opisk</OpisKategorii>
        <BilansOtwarciaWinien>0.00</BilansOtwarciaWinien>
        <BilansOtwarciaMa>0.00</BilansOtwarciaMa>
        <ObrotyWinien>0.00</ObrotyWinien>
        <ObrotyMa>0.00</ObrotyMa>
        <ObrotyWinienNarast>0.00</ObrotyWinienNarast>
        <ObrotyMaNarast>0.00</ObrotyMaNarast>
        <SaldoWinien>0.00</SaldoWinien>
        <SaldoMa>-0.00</SaldoMa>
    </ZOiS>

    <ZOiS  typ="G" >
        <KodKonta>403-05</KodKonta>
        <OpisKonta>POZOSTAŁE WYNAGRODZENIA</OpisKonta>
        <TypKonta>bilansowe</TypKonta>
        <KodZespolu>4</KodZespolu>
        <OpisZespolu>POZOSTAŁE </OpisZespolu>
        <KodKategorii>kodk</KodKategorii>
        <OpisKategorii>opisk</OpisKategorii>
        <BilansOtwarciaWinien>0.00</BilansOtwarciaWinien>
        <BilansOtwarciaMa>0.00</BilansOtwarciaMa>
        <ObrotyWinien>0.00</ObrotyWinien>
        <ObrotyMa>0.00</ObrotyMa>
        <ObrotyWinienNarast>0.00</ObrotyWinienNarast>
        <ObrotyMaNarast>0.00</ObrotyMaNarast>
        <SaldoWinien>0.00</SaldoWinien>
        <SaldoMa>-0.00</SaldoMa>
    </ZOiS>

    <ZOiS  typ="G" >
        <KodKonta>403-10</KodKonta>
        <OpisKonta>INNE ŚWIADCZ. NA PRACACOWNIKÓW</OpisKonta>
        <TypKonta>bilansowe</TypKonta>
        <KodZespolu>4</KodZespolu>
        <OpisZespolu>INNE ŚWIAD</OpisZespolu>
        <KodKategorii>kodk</KodKategorii>
        <OpisKategorii>opisk</OpisKategorii>
        <BilansOtwarciaWinien>0.00</BilansOtwarciaWinien>
        <BilansOtwarciaMa>0.00</BilansOtwarciaMa>
        <ObrotyWinien>0.00</ObrotyWinien>
        <ObrotyMa>0.00</ObrotyMa>
        <ObrotyWinienNarast>0.00</ObrotyWinienNarast>
        <ObrotyMaNarast>0.00</ObrotyMaNarast>
        <SaldoWinien>0.00</SaldoWinien>
        <SaldoMa>-0.00</SaldoMa>
    </ZOiS>

    <ZOiS  typ="G" >
        <KodKonta>404</KodKonta>
        <OpisKonta>Z.U.S.                        </OpisKonta>
        <TypKonta>bilansowe</TypKonta>
        <KodZespolu>4</KodZespolu>
        <OpisZespolu>Z.U.S.    </OpisZespolu>
        <KodKategorii>kodk</KodKategorii>
        <OpisKategorii>opisk</OpisKategorii>
        <BilansOtwarciaWinien>0.00</BilansOtwarciaWinien>
        <BilansOtwarciaMa>0.00</BilansOtwarciaMa>
        <ObrotyWinien>0.00</ObrotyWinien>
        <ObrotyMa>0.00</ObrotyMa>
        <ObrotyWinienNarast>0.00</ObrotyWinienNarast>
        <ObrotyMaNarast>0.00</ObrotyMaNarast>
        <SaldoWinien>0.00</SaldoWinien>
        <SaldoMa>-0.00</SaldoMa>
    </ZOiS>

    <ZOiS  typ="G" >
        <KodKonta>404-01</KodKonta>
        <OpisKonta>FUNDUSZ EMERYTALNY            </OpisKonta>
        <TypKonta>bilansowe</TypKonta>
        <KodZespolu>4</KodZespolu>
        <OpisZespolu>FUNDUSZ EM</OpisZespolu>
        <KodKategorii>kodk</KodKategorii>
        <OpisKategorii>opisk</OpisKategorii>
        <BilansOtwarciaWinien>0.00</BilansOtwarciaWinien>
        <BilansOtwarciaMa>0.00</BilansOtwarciaMa>
        <ObrotyWinien>0.00</ObrotyWinien>
        <ObrotyMa>0.00</ObrotyMa>
        <ObrotyWinienNarast>0.00</ObrotyWinienNarast>
        <ObrotyMaNarast>0.00</ObrotyMaNarast>
        <SaldoWinien>0.00</SaldoWinien>
        <SaldoMa>-0.00</SaldoMa>
    </ZOiS>

    <ZOiS  typ="G" >
        <KodKonta>404-02</KodKonta>
        <OpisKonta>FUNDUSZ RENTOWY               </OpisKonta>
        <TypKonta>bilansowe</TypKonta>
        <KodZespolu>4</KodZespolu>
        <OpisZespolu>FUNDUSZ RE</OpisZespolu>
        <KodKategorii>kodk</KodKategorii>
        <OpisKategorii>opisk</OpisKategorii>
        <BilansOtwarciaWinien>0.00</BilansOtwarciaWinien>
        <BilansOtwarciaMa>0.00</BilansOtwarciaMa>
        <ObrotyWinien>0.00</ObrotyWinien>
        <ObrotyMa>0.00</ObrotyMa>
        <ObrotyWinienNarast>0.00</ObrotyWinienNarast>
        <ObrotyMaNarast>0.00</ObrotyMaNarast>
        <SaldoWinien>0.00</SaldoWinien>
        <SaldoMa>-0.00</SaldoMa>
    </ZOiS>

    <ZOiS  typ="G" >
        <KodKonta>404-03</KodKonta>
        <OpisKonta>FUNDUSZ WYPADKOWY             </OpisKonta>
        <TypKonta>bilansowe</TypKonta>
        <KodZespolu>4</KodZespolu>
        <OpisZespolu>FUNDUSZ WY</OpisZespolu>
        <KodKategorii>kodk</KodKategorii>
        <OpisKategorii>opisk</OpisKategorii>
        <BilansOtwarciaWinien>0.00</BilansOtwarciaWinien>
        <BilansOtwarciaMa>0.00</BilansOtwarciaMa>
        <ObrotyWinien>0.00</ObrotyWinien>
        <ObrotyMa>0.00</ObrotyMa>
        <ObrotyWinienNarast>0.00</ObrotyWinienNarast>
        <ObrotyMaNarast>0.00</ObrotyMaNarast>
        <SaldoWinien>0.00</SaldoWinien>
        <SaldoMa>-0.00</SaldoMa>
    </ZOiS>

    <ZOiS  typ="G" >
        <KodKonta>404-04</KodKonta>
        <OpisKonta>FUNDUSZ PRACY                 </OpisKonta>
        <TypKonta>bilansowe</TypKonta>
        <KodZespolu>4</KodZespolu>
        <OpisZespolu>FUNDUSZ PR</OpisZespolu>
        <KodKategorii>kodk</KodKategorii>
        <OpisKategorii>opisk</OpisKategorii>
        <BilansOtwarciaWinien>0.00</BilansOtwarciaWinien>
        <BilansOtwarciaMa>0.00</BilansOtwarciaMa>
        <ObrotyWinien>0.00</ObrotyWinien>
        <ObrotyMa>0.00</ObrotyMa>
        <ObrotyWinienNarast>0.00</ObrotyWinienNarast>
        <ObrotyMaNarast>0.00</ObrotyMaNarast>
        <SaldoWinien>0.00</SaldoWinien>
        <SaldoMa>-0.00</SaldoMa>
    </ZOiS>

    <ZOiS  typ="G" >
        <KodKonta>404-05</KodKonta>
        <OpisKonta>FGŚP</OpisKonta>
        <TypKonta>bilansowe</TypKonta>
        <KodZespolu>4</KodZespolu>
        <OpisZespolu>FGŚP</OpisZespolu>
        <KodKategorii>kodk</KodKategorii>
        <OpisKategorii>opisk</OpisKategorii>
        <BilansOtwarciaWinien>0.00</BilansOtwarciaWinien>
        <BilansOtwarciaMa>0.00</BilansOtwarciaMa>
        <ObrotyWinien>0.00</ObrotyWinien>
        <ObrotyMa>0.00</ObrotyMa>
        <ObrotyWinienNarast>0.00</ObrotyWinienNarast>
        <ObrotyMaNarast>0.00</ObrotyMaNarast>
        <SaldoWinien>0.00</SaldoWinien>
        <SaldoMa>-0.00</SaldoMa>
    </ZOiS>

    <ZOiS  typ="G" >
        <KodKonta>405</KodKonta>
        <OpisKonta>ODPISY NA Z.F.Ś.S.</OpisKonta>
        <TypKonta>bilansowe</TypKonta>
        <KodZespolu>4</KodZespolu>
        <OpisZespolu>ODPISY NA </OpisZespolu>
        <KodKategorii>kodk</KodKategorii>
        <OpisKategorii>opisk</OpisKategorii>
        <BilansOtwarciaWinien>0.00</BilansOtwarciaWinien>
        <BilansOtwarciaMa>0.00</BilansOtwarciaMa>
        <ObrotyWinien>0.00</ObrotyWinien>
        <ObrotyMa>0.00</ObrotyMa>
        <ObrotyWinienNarast>0.00</ObrotyWinienNarast>
        <ObrotyMaNarast>0.00</ObrotyMaNarast>
        <SaldoWinien>0.00</SaldoWinien>
        <SaldoMa>-0.00</SaldoMa>
    </ZOiS>

    <ZOiS  typ="G" >
        <KodKonta>405-01</KodKonta>
        <OpisKonta>ODPISY NA Z.F.Ś.S.</OpisKonta>
        <TypKonta>bilansowe</TypKonta>
        <KodZespolu>4</KodZespolu>
        <OpisZespolu>ODPISY NA </OpisZespolu>
        <KodKategorii>kodk</KodKategorii>
        <OpisKategorii>opisk</OpisKategorii>
        <BilansOtwarciaWinien>0.00</BilansOtwarciaWinien>
        <BilansOtwarciaMa>0.00</BilansOtwarciaMa>
        <ObrotyWinien>0.00</ObrotyWinien>
        <ObrotyMa>0.00</ObrotyMa>
        <ObrotyWinienNarast>0.00</ObrotyWinienNarast>
        <ObrotyMaNarast>0.00</ObrotyMaNarast>
        <SaldoWinien>0.00</SaldoWinien>
        <SaldoMa>-0.00</SaldoMa>
    </ZOiS>

    <ZOiS  typ="G" >
        <KodKonta>406</KodKonta>
        <OpisKonta>KOSZTY REPREZANTACJI I REKLAMY</OpisKonta>
        <TypKonta>bilansowe</TypKonta>
        <KodZespolu>4</KodZespolu>
        <OpisZespolu>KOSZTY REP</OpisZespolu>
        <KodKategorii>kodk</KodKategorii>
        <OpisKategorii>opisk</OpisKategorii>
        <BilansOtwarciaWinien>0.00</BilansOtwarciaWinien>
        <BilansOtwarciaMa>0.00</BilansOtwarciaMa>
        <ObrotyWinien>0.00</ObrotyWinien>
        <ObrotyMa>0.00</ObrotyMa>
        <ObrotyWinienNarast>0.00</ObrotyWinienNarast>
        <ObrotyMaNarast>0.00</ObrotyMaNarast>
        <SaldoWinien>0.00</SaldoWinien>
        <SaldoMa>-0.00</SaldoMa>
    </ZOiS>

    <ZOiS  typ="G" >
        <KodKonta>406-01</KodKonta>
        <OpisKonta>KOSZTY REKLAMY PUBLICZNEJ</OpisKonta>
        <TypKonta>bilansowe</TypKonta>
        <KodZespolu>4</KodZespolu>
        <OpisZespolu>KOSZTY REK</OpisZespolu>
        <KodKategorii>kodk</KodKategorii>
        <OpisKategorii>opisk</OpisKategorii>
        <BilansOtwarciaWinien>0.00</BilansOtwarciaWinien>
        <BilansOtwarciaMa>0.00</BilansOtwarciaMa>
        <ObrotyWinien>0.00</ObrotyWinien>
        <ObrotyMa>0.00</ObrotyMa>
        <ObrotyWinienNarast>0.00</ObrotyWinienNarast>
        <ObrotyMaNarast>0.00</ObrotyMaNarast>
        <SaldoWinien>0.00</SaldoWinien>
        <SaldoMa>-0.00</SaldoMa>
    </ZOiS>

    <ZOiS  typ="G" >
        <KodKonta>406-02</KodKonta>
        <OpisKonta>KOSZTY REKLAMY LIMITOWANEJ *Z*</OpisKonta>
        <TypKonta>bilansowe</TypKonta>
        <KodZespolu>4</KodZespolu>
        <OpisZespolu>KOSZTY REK</OpisZespolu>
        <KodKategorii>kodk</KodKategorii>
        <OpisKategorii>opisk</OpisKategorii>
        <BilansOtwarciaWinien>0.00</BilansOtwarciaWinien>
        <BilansOtwarciaMa>0.00</BilansOtwarciaMa>
        <ObrotyWinien>0.00</ObrotyWinien>
        <ObrotyMa>0.00</ObrotyMa>
        <ObrotyWinienNarast>0.00</ObrotyWinienNarast>
        <ObrotyMaNarast>0.00</ObrotyMaNarast>
        <SaldoWinien>0.00</SaldoWinien>
        <SaldoMa>-0.00</SaldoMa>
    </ZOiS>

    <ZOiS  typ="G" >
        <KodKonta>407</KodKonta>
        <OpisKonta>PODATKI ZALICZANE W KOSZTY    </OpisKonta>
        <TypKonta>bilansowe</TypKonta>
        <KodZespolu>4</KodZespolu>
        <OpisZespolu>PODATKI ZA</OpisZespolu>
        <KodKategorii>kodk</KodKategorii>
        <OpisKategorii>opisk</OpisKategorii>
        <BilansOtwarciaWinien>0.00</BilansOtwarciaWinien>
        <BilansOtwarciaMa>0.00</BilansOtwarciaMa>
        <ObrotyWinien>0.00</ObrotyWinien>
        <ObrotyMa>0.00</ObrotyMa>
        <ObrotyWinienNarast>0.00</ObrotyWinienNarast>
        <ObrotyMaNarast>0.00</ObrotyMaNarast>
        <SaldoWinien>0.00</SaldoWinien>
        <SaldoMa>-0.00</SaldoMa>
    </ZOiS>

    <ZOiS  typ="G" >
        <KodKonta>407-01</KodKonta>
        <OpisKonta>PODATEK VAT W KOSZTY          </OpisKonta>
        <TypKonta>bilansowe</TypKonta>
        <KodZespolu>4</KodZespolu>
        <OpisZespolu>PODATEK VA</OpisZespolu>
        <KodKategorii>kodk</KodKategorii>
        <OpisKategorii>opisk</OpisKategorii>
        <BilansOtwarciaWinien>0.00</BilansOtwarciaWinien>
        <BilansOtwarciaMa>0.00</BilansOtwarciaMa>
        <ObrotyWinien>0.00</ObrotyWinien>
        <ObrotyMa>0.00</ObrotyMa>
        <ObrotyWinienNarast>0.00</ObrotyWinienNarast>
        <ObrotyMaNarast>0.00</ObrotyMaNarast>
        <SaldoWinien>0.00</SaldoWinien>
        <SaldoMa>-0.00</SaldoMa>
    </ZOiS>

    <ZOiS  typ="G" >
        <KodKonta>407-02</KodKonta>
        <OpisKonta>OPŁATY SKARBOWE I INNE OPŁATY </OpisKonta>
        <TypKonta>bilansowe</TypKonta>
        <KodZespolu>4</KodZespolu>
        <OpisZespolu>OPŁATY SKA</OpisZespolu>
        <KodKategorii>kodk</KodKategorii>
        <OpisKategorii>opisk</OpisKategorii>
        <BilansOtwarciaWinien>0.00</BilansOtwarciaWinien>
        <BilansOtwarciaMa>0.00</BilansOtwarciaMa>
        <ObrotyWinien>0.00</ObrotyWinien>
        <ObrotyMa>0.00</ObrotyMa>
        <ObrotyWinienNarast>0.00</ObrotyWinienNarast>
        <ObrotyMaNarast>0.00</ObrotyMaNarast>
        <SaldoWinien>0.00</SaldoWinien>
        <SaldoMa>-0.00</SaldoMa>
    </ZOiS>

    <ZOiS  typ="G" >
        <KodKonta>407-03</KodKonta>
        <OpisKonta>PODATEK DROGOWY               </OpisKonta>
        <TypKonta>bilansowe</TypKonta>
        <KodZespolu>4</KodZespolu>
        <OpisZespolu>PODATEK DR</OpisZespolu>
        <KodKategorii>kodk</KodKategorii>
        <OpisKategorii>opisk</OpisKategorii>
        <BilansOtwarciaWinien>0.00</BilansOtwarciaWinien>
        <BilansOtwarciaMa>0.00</BilansOtwarciaMa>
        <ObrotyWinien>0.00</ObrotyWinien>
        <ObrotyMa>0.00</ObrotyMa>
        <ObrotyWinienNarast>0.00</ObrotyWinienNarast>
        <ObrotyMaNarast>0.00</ObrotyMaNarast>
        <SaldoWinien>0.00</SaldoWinien>
        <SaldoMa>-0.00</SaldoMa>
    </ZOiS>

    <ZOiS  typ="G" >
        <KodKonta>407-04</KodKonta>
        <OpisKonta>PODATEK GRUNTOWY              </OpisKonta>
        <TypKonta>bilansowe</TypKonta>
        <KodZespolu>4</KodZespolu>
        <OpisZespolu>PODATEK GR</OpisZespolu>
        <KodKategorii>kodk</KodKategorii>
        <OpisKategorii>opisk</OpisKategorii>
        <BilansOtwarciaWinien>0.00</BilansOtwarciaWinien>
        <BilansOtwarciaMa>0.00</BilansOtwarciaMa>
        <ObrotyWinien>0.00</ObrotyWinien>
        <ObrotyMa>0.00</ObrotyMa>
        <ObrotyWinienNarast>0.00</ObrotyWinienNarast>
        <ObrotyMaNarast>0.00</ObrotyMaNarast>
        <SaldoWinien>0.00</SaldoWinien>
        <SaldoMa>-0.00</SaldoMa>
    </ZOiS>

    <ZOiS  typ="G" >
        <KodKonta>407-05</KodKonta>
        <OpisKonta>P.F.R.O.N.                 *Z*</OpisKonta>
        <TypKonta>bilansowe</TypKonta>
        <KodZespolu>4</KodZespolu>
        <OpisZespolu>P.F.R.O.N.</OpisZespolu>
        <KodKategorii>kodk</KodKategorii>
        <OpisKategorii>opisk</OpisKategorii>
        <BilansOtwarciaWinien>0.00</BilansOtwarciaWinien>
        <BilansOtwarciaMa>0.00</BilansOtwarciaMa>
        <ObrotyWinien>0.00</ObrotyWinien>
        <ObrotyMa>0.00</ObrotyMa>
        <ObrotyWinienNarast>0.00</ObrotyWinienNarast>
        <ObrotyMaNarast>0.00</ObrotyMaNarast>
        <SaldoWinien>0.00</SaldoWinien>
        <SaldoMa>-0.00</SaldoMa>
    </ZOiS>

    <ZOiS  typ="G" >
        <KodKonta>407-06</KodKonta>
        <OpisKonta>PODATEK OD NIERUCHOMOŚCI</OpisKonta>
        <TypKonta>bilansowe</TypKonta>
        <KodZespolu>4</KodZespolu>
        <OpisZespolu>PODATEK OD</OpisZespolu>
        <KodKategorii>kodk</KodKategorii>
        <OpisKategorii>opisk</OpisKategorii>
        <BilansOtwarciaWinien>0.00</BilansOtwarciaWinien>
        <BilansOtwarciaMa>0.00</BilansOtwarciaMa>
        <ObrotyWinien>0.00</ObrotyWinien>
        <ObrotyMa>0.00</ObrotyMa>
        <ObrotyWinienNarast>0.00</ObrotyWinienNarast>
        <ObrotyMaNarast>0.00</ObrotyMaNarast>
        <SaldoWinien>0.00</SaldoWinien>
        <SaldoMa>-0.00</SaldoMa>
    </ZOiS>

    <ZOiS  typ="G" >
        <KodKonta>408</KodKonta>
        <OpisKonta>PODRÓŻE SŁUŻBOWE              </OpisKonta>
        <TypKonta>bilansowe</TypKonta>
        <KodZespolu>4</KodZespolu>
        <OpisZespolu>PODRÓŻE SŁ</OpisZespolu>
        <KodKategorii>kodk</KodKategorii>
        <OpisKategorii>opisk</OpisKategorii>
        <BilansOtwarciaWinien>0.00</BilansOtwarciaWinien>
        <BilansOtwarciaMa>0.00</BilansOtwarciaMa>
        <ObrotyWinien>0.00</ObrotyWinien>
        <ObrotyMa>0.00</ObrotyMa>
        <ObrotyWinienNarast>0.00</ObrotyWinienNarast>
        <ObrotyMaNarast>0.00</ObrotyMaNarast>
        <SaldoWinien>0.00</SaldoWinien>
        <SaldoMa>-0.00</SaldoMa>
    </ZOiS>

    <ZOiS  typ="G" >
        <KodKonta>408-01</KodKonta>
        <OpisKonta>PODRÓŻE SŁUŻBOWE</OpisKonta>
        <TypKonta>bilansowe</TypKonta>
        <KodZespolu>4</KodZespolu>
        <OpisZespolu>PODRÓŻE SŁ</OpisZespolu>
        <KodKategorii>kodk</KodKategorii>
        <OpisKategorii>opisk</OpisKategorii>
        <BilansOtwarciaWinien>0.00</BilansOtwarciaWinien>
        <BilansOtwarciaMa>0.00</BilansOtwarciaMa>
        <ObrotyWinien>0.00</ObrotyWinien>
        <ObrotyMa>0.00</ObrotyMa>
        <ObrotyWinienNarast>0.00</ObrotyWinienNarast>
        <ObrotyMaNarast>0.00</ObrotyMaNarast>
        <SaldoWinien>0.00</SaldoWinien>
        <SaldoMa>-0.00</SaldoMa>
    </ZOiS>

    <ZOiS  typ="G" >
        <KodKonta>408-02</KodKonta>
        <OpisKonta>RYCZAŁTY ZA UŻYW.POJ.PRYWATNY.</OpisKonta>
        <TypKonta>bilansowe</TypKonta>
        <KodZespolu>4</KodZespolu>
        <OpisZespolu>RYCZAŁTY Z</OpisZespolu>
        <KodKategorii>kodk</KodKategorii>
        <OpisKategorii>opisk</OpisKategorii>
        <BilansOtwarciaWinien>0.00</BilansOtwarciaWinien>
        <BilansOtwarciaMa>0.00</BilansOtwarciaMa>
        <ObrotyWinien>0.00</ObrotyWinien>
        <ObrotyMa>0.00</ObrotyMa>
        <ObrotyWinienNarast>0.00</ObrotyWinienNarast>
        <ObrotyMaNarast>0.00</ObrotyMaNarast>
        <SaldoWinien>0.00</SaldoWinien>
        <SaldoMa>-0.00</SaldoMa>
    </ZOiS>

    <ZOiS  typ="G" >
        <KodKonta>409</KodKonta>
        <OpisKonta>POZOSTAŁE KOSZTY</OpisKonta>
        <TypKonta>bilansowe</TypKonta>
        <KodZespolu>4</KodZespolu>
        <OpisZespolu>POZOSTAŁE </OpisZespolu>
        <KodKategorii>kodk</KodKategorii>
        <OpisKategorii>opisk</OpisKategorii>
        <BilansOtwarciaWinien>0.00</BilansOtwarciaWinien>
        <BilansOtwarciaMa>0.00</BilansOtwarciaMa>
        <ObrotyWinien>0.00</ObrotyWinien>
        <ObrotyMa>0.00</ObrotyMa>
        <ObrotyWinienNarast>0.00</ObrotyWinienNarast>
        <ObrotyMaNarast>0.00</ObrotyMaNarast>
        <SaldoWinien>0.00</SaldoWinien>
        <SaldoMa>-0.00</SaldoMa>
    </ZOiS>

    <ZOiS  typ="G" >
        <KodKonta>409-01</KodKonta>
        <OpisKonta>POZOSTAŁE KOSZTY</OpisKonta>
        <TypKonta>bilansowe</TypKonta>
        <KodZespolu>4</KodZespolu>
        <OpisZespolu>POZOSTAŁE </OpisZespolu>
        <KodKategorii>kodk</KodKategorii>
        <OpisKategorii>opisk</OpisKategorii>
        <BilansOtwarciaWinien>0.00</BilansOtwarciaWinien>
        <BilansOtwarciaMa>0.00</BilansOtwarciaMa>
        <ObrotyWinien>0.00</ObrotyWinien>
        <ObrotyMa>0.00</ObrotyMa>
        <ObrotyWinienNarast>0.00</ObrotyWinienNarast>
        <ObrotyMaNarast>0.00</ObrotyMaNarast>
        <SaldoWinien>0.00</SaldoWinien>
        <SaldoMa>-0.00</SaldoMa>
    </ZOiS>

    <ZOiS  typ="G" >
        <KodKonta>409-02</KodKonta>
        <OpisKonta>KOSZTY OCHRONY ŚRODOWISKA</OpisKonta>
        <TypKonta>bilansowe</TypKonta>
        <KodZespolu>4</KodZespolu>
        <OpisZespolu>KOSZTY OCH</OpisZespolu>
        <KodKategorii>kodk</KodKategorii>
        <OpisKategorii>opisk</OpisKategorii>
        <BilansOtwarciaWinien>0.00</BilansOtwarciaWinien>
        <BilansOtwarciaMa>0.00</BilansOtwarciaMa>
        <ObrotyWinien>0.00</ObrotyWinien>
        <ObrotyMa>0.00</ObrotyMa>
        <ObrotyWinienNarast>0.00</ObrotyWinienNarast>
        <ObrotyMaNarast>0.00</ObrotyMaNarast>
        <SaldoWinien>0.00</SaldoWinien>
        <SaldoMa>-0.00</SaldoMa>
    </ZOiS>

    <ZOiS  typ="G" >
        <KodKonta>409-03</KodKonta>
        <OpisKonta>KOSZTY POŚREDNICTWA FINANS.</OpisKonta>
        <TypKonta>bilansowe</TypKonta>
        <KodZespolu>4</KodZespolu>
        <OpisZespolu>KOSZTY POŚ</OpisZespolu>
        <KodKategorii>kodk</KodKategorii>
        <OpisKategorii>opisk</OpisKategorii>
        <BilansOtwarciaWinien>0.00</BilansOtwarciaWinien>
        <BilansOtwarciaMa>0.00</BilansOtwarciaMa>
        <ObrotyWinien>0.00</ObrotyWinien>
        <ObrotyMa>0.00</ObrotyMa>
        <ObrotyWinienNarast>0.00</ObrotyWinienNarast>
        <ObrotyMaNarast>0.00</ObrotyMaNarast>
        <SaldoWinien>0.00</SaldoWinien>
        <SaldoMa>-0.00</SaldoMa>
    </ZOiS>

    <ZOiS  typ="G" >
        <KodKonta>409-04</KodKonta>
        <OpisKonta>KOSZTY POŚREDNICTWA HANDLOWEGO</OpisKonta>
        <TypKonta>bilansowe</TypKonta>
        <KodZespolu>4</KodZespolu>
        <OpisZespolu>KOSZTY POŚ</OpisZespolu>
        <KodKategorii>kodk</KodKategorii>
        <OpisKategorii>opisk</OpisKategorii>
        <BilansOtwarciaWinien>0.00</BilansOtwarciaWinien>
        <BilansOtwarciaMa>0.00</BilansOtwarciaMa>
        <ObrotyWinien>0.00</ObrotyWinien>
        <ObrotyMa>0.00</ObrotyMa>
        <ObrotyWinienNarast>0.00</ObrotyWinienNarast>
        <ObrotyMaNarast>0.00</ObrotyMaNarast>
        <SaldoWinien>0.00</SaldoWinien>
        <SaldoMa>-0.00</SaldoMa>
    </ZOiS>

    <ZOiS  typ="G" >
        <KodKonta>490</KodKonta>
        <OpisKonta>ROZLICZENIE KOSZTÓW           </OpisKonta>
        <TypKonta>bilansowe</TypKonta>
        <KodZespolu>4</KodZespolu>
        <OpisZespolu>ROZLICZENI</OpisZespolu>
        <KodKategorii>kodk</KodKategorii>
        <OpisKategorii>opisk</OpisKategorii>
        <BilansOtwarciaWinien>0.00</BilansOtwarciaWinien>
        <BilansOtwarciaMa>0.00</BilansOtwarciaMa>
        <ObrotyWinien>0.00</ObrotyWinien>
        <ObrotyMa>0.00</ObrotyMa>
        <ObrotyWinienNarast>0.00</ObrotyWinienNarast>
        <ObrotyMaNarast>0.00</ObrotyMaNarast>
        <SaldoWinien>0.00</SaldoWinien>
        <SaldoMa>-0.00</SaldoMa>
    </ZOiS>

    <ZOiS  typ="G" >
        <KodKonta>501</KodKonta>
        <OpisKonta>KOSZTY DO ROZLICZENIA         </OpisKonta>
        <TypKonta>bilansowe</TypKonta>
        <KodZespolu>5</KodZespolu>
        <OpisZespolu>KOSZTY DO </OpisZespolu>
        <KodKategorii>kodk</KodKategorii>
        <OpisKategorii>opisk</OpisKategorii>
        <BilansOtwarciaWinien>0.00</BilansOtwarciaWinien>
        <BilansOtwarciaMa>0.00</BilansOtwarciaMa>
        <ObrotyWinien>0.00</ObrotyWinien>
        <ObrotyMa>0.00</ObrotyMa>
        <ObrotyWinienNarast>0.00</ObrotyWinienNarast>
        <ObrotyMaNarast>0.00</ObrotyMaNarast>
        <SaldoWinien>0.00</SaldoWinien>
        <SaldoMa>-0.00</SaldoMa>
    </ZOiS>

    <ZOiS  typ="G" >
        <KodKonta>501-01</KodKonta>
        <OpisKonta>KOSZTY DO ROZLICZENIA</OpisKonta>
        <TypKonta>bilansowe</TypKonta>
        <KodZespolu>5</KodZespolu>
        <OpisZespolu>KOSZTY DO </OpisZespolu>
        <KodKategorii>kodk</KodKategorii>
        <OpisKategorii>opisk</OpisKategorii>
        <BilansOtwarciaWinien>0.00</BilansOtwarciaWinien>
        <BilansOtwarciaMa>0.00</BilansOtwarciaMa>
        <ObrotyWinien>0.00</ObrotyWinien>
        <ObrotyMa>0.00</ObrotyMa>
        <ObrotyWinienNarast>0.00</ObrotyWinienNarast>
        <ObrotyMaNarast>0.00</ObrotyMaNarast>
        <SaldoWinien>0.00</SaldoWinien>
        <SaldoMa>-0.00</SaldoMa>
    </ZOiS>

    <ZOiS  typ="G" >
        <KodKonta>501-02</KodKonta>
        <OpisKonta>ROZLICZENIE K-TÓW WYNAJĘTEGO</OpisKonta>
        <TypKonta>bilansowe</TypKonta>
        <KodZespolu>5</KodZespolu>
        <OpisZespolu>ROZLICZENI</OpisZespolu>
        <KodKategorii>kodk</KodKategorii>
        <OpisKategorii>opisk</OpisKategorii>
        <BilansOtwarciaWinien>0.00</BilansOtwarciaWinien>
        <BilansOtwarciaMa>0.00</BilansOtwarciaMa>
        <ObrotyWinien>0.00</ObrotyWinien>
        <ObrotyMa>0.00</ObrotyMa>
        <ObrotyWinienNarast>0.00</ObrotyWinienNarast>
        <ObrotyMaNarast>0.00</ObrotyMaNarast>
        <SaldoWinien>0.00</SaldoWinien>
        <SaldoMa>-0.00</SaldoMa>
    </ZOiS>

    <ZOiS  typ="G" >
        <KodKonta>502</KodKonta>
        <OpisKonta>KOSZTY-ZLEC.ZEWNĘTRZNE</OpisKonta>
        <TypKonta>bilansowe</TypKonta>
        <KodZespolu>5</KodZespolu>
        <OpisZespolu>KOSZTY-ZLE</OpisZespolu>
        <KodKategorii>kodk</KodKategorii>
        <OpisKategorii>opisk</OpisKategorii>
        <BilansOtwarciaWinien>0.00</BilansOtwarciaWinien>
        <BilansOtwarciaMa>0.00</BilansOtwarciaMa>
        <ObrotyWinien>0.00</ObrotyWinien>
        <ObrotyMa>0.00</ObrotyMa>
        <ObrotyWinienNarast>0.00</ObrotyWinienNarast>
        <ObrotyMaNarast>0.00</ObrotyMaNarast>
        <SaldoWinien>0.00</SaldoWinien>
        <SaldoMa>-0.00</SaldoMa>
    </ZOiS>

    <ZOiS  typ="G" >
        <KodKonta>502-01</KodKonta>
        <OpisKonta>KOSZTY-ZLEC.ZEWNĘTRZNE 01</OpisKonta>
        <TypKonta>bilansowe</TypKonta>
        <KodZespolu>5</KodZespolu>
        <OpisZespolu>KOSZTY-ZLE</OpisZespolu>
        <KodKategorii>kodk</KodKategorii>
        <OpisKategorii>opisk</OpisKategorii>
        <BilansOtwarciaWinien>0.00</BilansOtwarciaWinien>
        <BilansOtwarciaMa>0.00</BilansOtwarciaMa>
        <ObrotyWinien>0.00</ObrotyWinien>
        <ObrotyMa>0.00</ObrotyMa>
        <ObrotyWinienNarast>0.00</ObrotyWinienNarast>
        <ObrotyMaNarast>0.00</ObrotyMaNarast>
        <SaldoWinien>0.00</SaldoWinien>
        <SaldoMa>-0.00</SaldoMa>
    </ZOiS>

    <ZOiS  typ="G" >
        <KodKonta>502-99</KodKonta>
        <OpisKonta>KOSZTY.ZLEC.ZEWNĘTRZNE 99</OpisKonta>
        <TypKonta>bilansowe</TypKonta>
        <KodZespolu>5</KodZespolu>
        <OpisZespolu>KOSZTY.ZLE</OpisZespolu>
        <KodKategorii>kodk</KodKategorii>
        <OpisKategorii>opisk</OpisKategorii>
        <BilansOtwarciaWinien>0.00</BilansOtwarciaWinien>
        <BilansOtwarciaMa>0.00</BilansOtwarciaMa>
        <ObrotyWinien>0.00</ObrotyWinien>
        <ObrotyMa>0.00</ObrotyMa>
        <ObrotyWinienNarast>0.00</ObrotyWinienNarast>
        <ObrotyMaNarast>0.00</ObrotyMaNarast>
        <SaldoWinien>0.00</SaldoWinien>
        <SaldoMa>-0.00</SaldoMa>
    </ZOiS>

    <ZOiS  typ="G" >
        <KodKonta>503</KodKonta>
        <OpisKonta>KOSZTY-ZLEC.WEWNĘTRZNE</OpisKonta>
        <TypKonta>bilansowe</TypKonta>
        <KodZespolu>5</KodZespolu>
        <OpisZespolu>KOSZTY-ZLE</OpisZespolu>
        <KodKategorii>kodk</KodKategorii>
        <OpisKategorii>opisk</OpisKategorii>
        <BilansOtwarciaWinien>0.00</BilansOtwarciaWinien>
        <BilansOtwarciaMa>0.00</BilansOtwarciaMa>
        <ObrotyWinien>0.00</ObrotyWinien>
        <ObrotyMa>0.00</ObrotyMa>
        <ObrotyWinienNarast>0.00</ObrotyWinienNarast>
        <ObrotyMaNarast>0.00</ObrotyMaNarast>
        <SaldoWinien>0.00</SaldoWinien>
        <SaldoMa>-0.00</SaldoMa>
    </ZOiS>

    <ZOiS  typ="G" >
        <KodKonta>503-01</KodKonta>
        <OpisKonta>KOSZTY-ZLEC.WEWNĘTRZNE 01</OpisKonta>
        <TypKonta>bilansowe</TypKonta>
        <KodZespolu>5</KodZespolu>
        <OpisZespolu>KOSZTY-ZLE</OpisZespolu>
        <KodKategorii>kodk</KodKategorii>
        <OpisKategorii>opisk</OpisKategorii>
        <BilansOtwarciaWinien>0.00</BilansOtwarciaWinien>
        <BilansOtwarciaMa>0.00</BilansOtwarciaMa>
        <ObrotyWinien>0.00</ObrotyWinien>
        <ObrotyMa>0.00</ObrotyMa>
        <ObrotyWinienNarast>0.00</ObrotyWinienNarast>
        <ObrotyMaNarast>0.00</ObrotyMaNarast>
        <SaldoWinien>0.00</SaldoWinien>
        <SaldoMa>-0.00</SaldoMa>
    </ZOiS>

    <ZOiS  typ="G" >
        <KodKonta>503-99</KodKonta>
        <OpisKonta>KOSZTY-ZLEC.WEWNĘTRZNE 99</OpisKonta>
        <TypKonta>bilansowe</TypKonta>
        <KodZespolu>5</KodZespolu>
        <OpisZespolu>KOSZTY-ZLE</OpisZespolu>
        <KodKategorii>kodk</KodKategorii>
        <OpisKategorii>opisk</OpisKategorii>
        <BilansOtwarciaWinien>0.00</BilansOtwarciaWinien>
        <BilansOtwarciaMa>0.00</BilansOtwarciaMa>
        <ObrotyWinien>0.00</ObrotyWinien>
        <ObrotyMa>0.00</ObrotyMa>
        <ObrotyWinienNarast>0.00</ObrotyWinienNarast>
        <ObrotyMaNarast>0.00</ObrotyMaNarast>
        <SaldoWinien>0.00</SaldoWinien>
        <SaldoMa>-0.00</SaldoMa>
    </ZOiS>

    <ZOiS  typ="G" >
        <KodKonta>504</KodKonta>
        <OpisKonta>KOSZTY-ZLEC.ROZWOJOWE         </OpisKonta>
        <TypKonta>bilansowe</TypKonta>
        <KodZespolu>5</KodZespolu>
        <OpisZespolu>KOSZTY-ZLE</OpisZespolu>
        <KodKategorii>kodk</KodKategorii>
        <OpisKategorii>opisk</OpisKategorii>
        <BilansOtwarciaWinien>0.00</BilansOtwarciaWinien>
        <BilansOtwarciaMa>0.00</BilansOtwarciaMa>
        <ObrotyWinien>0.00</ObrotyWinien>
        <ObrotyMa>0.00</ObrotyMa>
        <ObrotyWinienNarast>0.00</ObrotyWinienNarast>
        <ObrotyMaNarast>0.00</ObrotyMaNarast>
        <SaldoWinien>0.00</SaldoWinien>
        <SaldoMa>-0.00</SaldoMa>
    </ZOiS>

    <ZOiS  typ="G" >
        <KodKonta>504-01</KodKonta>
        <OpisKonta>KOSZTY-ZLEC.ROZWOJOWE 01</OpisKonta>
        <TypKonta>bilansowe</TypKonta>
        <KodZespolu>5</KodZespolu>
        <OpisZespolu>KOSZTY-ZLE</OpisZespolu>
        <KodKategorii>kodk</KodKategorii>
        <OpisKategorii>opisk</OpisKategorii>
        <BilansOtwarciaWinien>0.00</BilansOtwarciaWinien>
        <BilansOtwarciaMa>0.00</BilansOtwarciaMa>
        <ObrotyWinien>0.00</ObrotyWinien>
        <ObrotyMa>0.00</ObrotyMa>
        <ObrotyWinienNarast>0.00</ObrotyWinienNarast>
        <ObrotyMaNarast>0.00</ObrotyMaNarast>
        <SaldoWinien>0.00</SaldoWinien>
        <SaldoMa>-0.00</SaldoMa>
    </ZOiS>

    <ZOiS  typ="G" >
        <KodKonta>504-99</KodKonta>
        <OpisKonta>KOSZTY-ZLEC.ROZWOJOWE 99</OpisKonta>
        <TypKonta>bilansowe</TypKonta>
        <KodZespolu>5</KodZespolu>
        <OpisZespolu>KOSZTY-ZLE</OpisZespolu>
        <KodKategorii>kodk</KodKategorii>
        <OpisKategorii>opisk</OpisKategorii>
        <BilansOtwarciaWinien>0.00</BilansOtwarciaWinien>
        <BilansOtwarciaMa>0.00</BilansOtwarciaMa>
        <ObrotyWinien>0.00</ObrotyWinien>
        <ObrotyMa>0.00</ObrotyMa>
        <ObrotyWinienNarast>0.00</ObrotyWinienNarast>
        <ObrotyMaNarast>0.00</ObrotyMaNarast>
        <SaldoWinien>0.00</SaldoWinien>
        <SaldoMa>-0.00</SaldoMa>
    </ZOiS>

    <ZOiS  typ="G" >
        <KodKonta>505</KodKonta>
        <OpisKonta>KOSZTY-ZLEC.SERWISOWE         </OpisKonta>
        <TypKonta>bilansowe</TypKonta>
        <KodZespolu>5</KodZespolu>
        <OpisZespolu>KOSZTY-ZLE</OpisZespolu>
        <KodKategorii>kodk</KodKategorii>
        <OpisKategorii>opisk</OpisKategorii>
        <BilansOtwarciaWinien>0.00</BilansOtwarciaWinien>
        <BilansOtwarciaMa>0.00</BilansOtwarciaMa>
        <ObrotyWinien>0.00</ObrotyWinien>
        <ObrotyMa>0.00</ObrotyMa>
        <ObrotyWinienNarast>0.00</ObrotyWinienNarast>
        <ObrotyMaNarast>0.00</ObrotyMaNarast>
        <SaldoWinien>0.00</SaldoWinien>
        <SaldoMa>-0.00</SaldoMa>
    </ZOiS>

    <ZOiS  typ="G" >
        <KodKonta>505-01</KodKonta>
        <OpisKonta>KOSZTY-ZLEC.SERWISOWE 01</OpisKonta>
        <TypKonta>bilansowe</TypKonta>
        <KodZespolu>5</KodZespolu>
        <OpisZespolu>KOSZTY-ZLE</OpisZespolu>
        <KodKategorii>kodk</KodKategorii>
        <OpisKategorii>opisk</OpisKategorii>
        <BilansOtwarciaWinien>0.00</BilansOtwarciaWinien>
        <BilansOtwarciaMa>0.00</BilansOtwarciaMa>
        <ObrotyWinien>0.00</ObrotyWinien>
        <ObrotyMa>0.00</ObrotyMa>
        <ObrotyWinienNarast>0.00</ObrotyWinienNarast>
        <ObrotyMaNarast>0.00</ObrotyMaNarast>
        <SaldoWinien>0.00</SaldoWinien>
        <SaldoMa>-0.00</SaldoMa>
    </ZOiS>

    <ZOiS  typ="G" >
        <KodKonta>505-99</KodKonta>
        <OpisKonta>KOSZTY-ZLEC.SERWISOWE 99</OpisKonta>
        <TypKonta>bilansowe</TypKonta>
        <KodZespolu>5</KodZespolu>
        <OpisZespolu>KOSZTY-ZLE</OpisZespolu>
        <KodKategorii>kodk</KodKategorii>
        <OpisKategorii>opisk</OpisKategorii>
        <BilansOtwarciaWinien>0.00</BilansOtwarciaWinien>
        <BilansOtwarciaMa>0.00</BilansOtwarciaMa>
        <ObrotyWinien>0.00</ObrotyWinien>
        <ObrotyMa>0.00</ObrotyMa>
        <ObrotyWinienNarast>0.00</ObrotyWinienNarast>
        <ObrotyMaNarast>0.00</ObrotyMaNarast>
        <SaldoWinien>0.00</SaldoWinien>
        <SaldoMa>-0.00</SaldoMa>
    </ZOiS>

    <ZOiS  typ="G" >
        <KodKonta>508</KodKonta>
        <OpisKonta>KOSZTY PRAC ROZWOJOWYCH       </OpisKonta>
        <TypKonta>bilansowe</TypKonta>
        <KodZespolu>5</KodZespolu>
        <OpisZespolu>KOSZTY PRA</OpisZespolu>
        <KodKategorii>kodk</KodKategorii>
        <OpisKategorii>opisk</OpisKategorii>
        <BilansOtwarciaWinien>0.00</BilansOtwarciaWinien>
        <BilansOtwarciaMa>0.00</BilansOtwarciaMa>
        <ObrotyWinien>0.00</ObrotyWinien>
        <ObrotyMa>0.00</ObrotyMa>
        <ObrotyWinienNarast>0.00</ObrotyWinienNarast>
        <ObrotyMaNarast>0.00</ObrotyMaNarast>
        <SaldoWinien>0.00</SaldoWinien>
        <SaldoMa>-0.00</SaldoMa>
    </ZOiS>

    <ZOiS  typ="G" >
        <KodKonta>508-01</KodKonta>
        <OpisKonta>KOSZTY PRAC ROZWOJOWYCH 01</OpisKonta>
        <TypKonta>bilansowe</TypKonta>
        <KodZespolu>5</KodZespolu>
        <OpisZespolu>KOSZTY PRA</OpisZespolu>
        <KodKategorii>kodk</KodKategorii>
        <OpisKategorii>opisk</OpisKategorii>
        <BilansOtwarciaWinien>0.00</BilansOtwarciaWinien>
        <BilansOtwarciaMa>0.00</BilansOtwarciaMa>
        <ObrotyWinien>0.00</ObrotyWinien>
        <ObrotyMa>0.00</ObrotyMa>
        <ObrotyWinienNarast>0.00</ObrotyWinienNarast>
        <ObrotyMaNarast>0.00</ObrotyMaNarast>
        <SaldoWinien>0.00</SaldoWinien>
        <SaldoMa>-0.00</SaldoMa>
    </ZOiS>

    <ZOiS  typ="G" >
        <KodKonta>508-99</KodKonta>
        <OpisKonta>KOSZTY PRAC ROZWOJOWYCH 99</OpisKonta>
        <TypKonta>bilansowe</TypKonta>
        <KodZespolu>5</KodZespolu>
        <OpisZespolu>KOSZTY PRA</OpisZespolu>
        <KodKategorii>kodk</KodKategorii>
        <OpisKategorii>opisk</OpisKategorii>
        <BilansOtwarciaWinien>0.00</BilansOtwarciaWinien>
        <BilansOtwarciaMa>0.00</BilansOtwarciaMa>
        <ObrotyWinien>0.00</ObrotyWinien>
        <ObrotyMa>0.00</ObrotyMa>
        <ObrotyWinienNarast>0.00</ObrotyWinienNarast>
        <ObrotyMaNarast>0.00</ObrotyMaNarast>
        <SaldoWinien>0.00</SaldoWinien>
        <SaldoMa>-0.00</SaldoMa>
    </ZOiS>

    <ZOiS  typ="G" >
        <KodKonta>530</KodKonta>
        <OpisKonta>PRODUKCJA POMOCNICZA          </OpisKonta>
        <TypKonta>bilansowe</TypKonta>
        <KodZespolu>5</KodZespolu>
        <OpisZespolu>PRODUKCJA </OpisZespolu>
        <KodKategorii>kodk</KodKategorii>
        <OpisKategorii>opisk</OpisKategorii>
        <BilansOtwarciaWinien>0.00</BilansOtwarciaWinien>
        <BilansOtwarciaMa>0.00</BilansOtwarciaMa>
        <ObrotyWinien>0.00</ObrotyWinien>
        <ObrotyMa>0.00</ObrotyMa>
        <ObrotyWinienNarast>0.00</ObrotyWinienNarast>
        <ObrotyMaNarast>0.00</ObrotyMaNarast>
        <SaldoWinien>0.00</SaldoWinien>
        <SaldoMa>-0.00</SaldoMa>
    </ZOiS>

    <ZOiS  typ="G" >
        <KodKonta>530-01</KodKonta>
        <OpisKonta>PRODUKCJA POMOCNICZA 01</OpisKonta>
        <TypKonta>bilansowe</TypKonta>
        <KodZespolu>5</KodZespolu>
        <OpisZespolu>PRODUKCJA </OpisZespolu>
        <KodKategorii>kodk</KodKategorii>
        <OpisKategorii>opisk</OpisKategorii>
        <BilansOtwarciaWinien>0.00</BilansOtwarciaWinien>
        <BilansOtwarciaMa>0.00</BilansOtwarciaMa>
        <ObrotyWinien>0.00</ObrotyWinien>
        <ObrotyMa>0.00</ObrotyMa>
        <ObrotyWinienNarast>0.00</ObrotyWinienNarast>
        <ObrotyMaNarast>0.00</ObrotyMaNarast>
        <SaldoWinien>0.00</SaldoWinien>
        <SaldoMa>-0.00</SaldoMa>
    </ZOiS>

    <ZOiS  typ="G" >
        <KodKonta>530-99</KodKonta>
        <OpisKonta>PRODUKCJA POMOCNICZA 99</OpisKonta>
        <TypKonta>bilansowe</TypKonta>
        <KodZespolu>5</KodZespolu>
        <OpisZespolu>PRODUKCJA </OpisZespolu>
        <KodKategorii>kodk</KodKategorii>
        <OpisKategorii>opisk</OpisKategorii>
        <BilansOtwarciaWinien>0.00</BilansOtwarciaWinien>
        <BilansOtwarciaMa>0.00</BilansOtwarciaMa>
        <ObrotyWinien>0.00</ObrotyWinien>
        <ObrotyMa>0.00</ObrotyMa>
        <ObrotyWinienNarast>0.00</ObrotyWinienNarast>
        <ObrotyMaNarast>0.00</ObrotyMaNarast>
        <SaldoWinien>0.00</SaldoWinien>
        <SaldoMa>-0.00</SaldoMa>
    </ZOiS>

    <ZOiS  typ="G" >
        <KodKonta>550</KodKonta>
        <OpisKonta>KOSZTY OGÓLNOZAKŁADOWE        </OpisKonta>
        <TypKonta>bilansowe</TypKonta>
        <KodZespolu>5</KodZespolu>
        <OpisZespolu>KOSZTY OGÓ</OpisZespolu>
        <KodKategorii>kodk</KodKategorii>
        <OpisKategorii>opisk</OpisKategorii>
        <BilansOtwarciaWinien>0.00</BilansOtwarciaWinien>
        <BilansOtwarciaMa>0.00</BilansOtwarciaMa>
        <ObrotyWinien>0.00</ObrotyWinien>
        <ObrotyMa>0.00</ObrotyMa>
        <ObrotyWinienNarast>0.00</ObrotyWinienNarast>
        <ObrotyMaNarast>0.00</ObrotyMaNarast>
        <SaldoWinien>0.00</SaldoWinien>
        <SaldoMa>-0.00</SaldoMa>
    </ZOiS>

    <ZOiS  typ="G" >
        <KodKonta>550-01</KodKonta>
        <OpisKonta>KOSZTY OGÓLNOZAKŁADOWE</OpisKonta>
        <TypKonta>bilansowe</TypKonta>
        <KodZespolu>5</KodZespolu>
        <OpisZespolu>KOSZTY OGÓ</OpisZespolu>
        <KodKategorii>kodk</KodKategorii>
        <OpisKategorii>opisk</OpisKategorii>
        <BilansOtwarciaWinien>0.00</BilansOtwarciaWinien>
        <BilansOtwarciaMa>0.00</BilansOtwarciaMa>
        <ObrotyWinien>0.00</ObrotyWinien>
        <ObrotyMa>0.00</ObrotyMa>
        <ObrotyWinienNarast>0.00</ObrotyWinienNarast>
        <ObrotyMaNarast>0.00</ObrotyMaNarast>
        <SaldoWinien>0.00</SaldoWinien>
        <SaldoMa>-0.00</SaldoMa>
    </ZOiS>

    <ZOiS  typ="G" >
        <KodKonta>560</KodKonta>
        <OpisKonta>KOSZTY W ROZLICZENIU</OpisKonta>
        <TypKonta>bilansowe</TypKonta>
        <KodZespolu>5</KodZespolu>
        <OpisZespolu>KOSZTY W R</OpisZespolu>
        <KodKategorii>kodk</KodKategorii>
        <OpisKategorii>opisk</OpisKategorii>
        <BilansOtwarciaWinien>0.00</BilansOtwarciaWinien>
        <BilansOtwarciaMa>0.00</BilansOtwarciaMa>
        <ObrotyWinien>0.00</ObrotyWinien>
        <ObrotyMa>0.00</ObrotyMa>
        <ObrotyWinienNarast>0.00</ObrotyWinienNarast>
        <ObrotyMaNarast>0.00</ObrotyMaNarast>
        <SaldoWinien>0.00</SaldoWinien>
        <SaldoMa>-0.00</SaldoMa>
    </ZOiS>

    <ZOiS  typ="G" >
        <KodKonta>560-01</KodKonta>
        <OpisKonta>KOSZTY W ROZLICZENIU</OpisKonta>
        <TypKonta>bilansowe</TypKonta>
        <KodZespolu>5</KodZespolu>
        <OpisZespolu>KOSZTY W R</OpisZespolu>
        <KodKategorii>kodk</KodKategorii>
        <OpisKategorii>opisk</OpisKategorii>
        <BilansOtwarciaWinien>0.00</BilansOtwarciaWinien>
        <BilansOtwarciaMa>0.00</BilansOtwarciaMa>
        <ObrotyWinien>0.00</ObrotyWinien>
        <ObrotyMa>0.00</ObrotyMa>
        <ObrotyWinienNarast>0.00</ObrotyWinienNarast>
        <ObrotyMaNarast>0.00</ObrotyMaNarast>
        <SaldoWinien>0.00</SaldoWinien>
        <SaldoMa>-0.00</SaldoMa>
    </ZOiS>

    <ZOiS  typ="G" >
        <KodKonta>580</KodKonta>
        <OpisKonta>ROZLICZENIE PRODUKCJI         </OpisKonta>
        <TypKonta>bilansowe</TypKonta>
        <KodZespolu>5</KodZespolu>
        <OpisZespolu>ROZLICZENI</OpisZespolu>
        <KodKategorii>kodk</KodKategorii>
        <OpisKategorii>opisk</OpisKategorii>
        <BilansOtwarciaWinien>0.00</BilansOtwarciaWinien>
        <BilansOtwarciaMa>0.00</BilansOtwarciaMa>
        <ObrotyWinien>0.00</ObrotyWinien>
        <ObrotyMa>0.00</ObrotyMa>
        <ObrotyWinienNarast>0.00</ObrotyWinienNarast>
        <ObrotyMaNarast>0.00</ObrotyMaNarast>
        <SaldoWinien>0.00</SaldoWinien>
        <SaldoMa>-0.00</SaldoMa>
    </ZOiS>

    <ZOiS  typ="G" >
        <KodKonta>600</KodKonta>
        <OpisKonta>PRODUKTY GOTOWE I PÓŁFABRYKATY</OpisKonta>
        <TypKonta>bilansowe</TypKonta>
        <KodZespolu>6</KodZespolu>
        <OpisZespolu>PRODUKTY G</OpisZespolu>
        <KodKategorii>kodk</KodKategorii>
        <OpisKategorii>opisk</OpisKategorii>
        <BilansOtwarciaWinien>0.00</BilansOtwarciaWinien>
        <BilansOtwarciaMa>0.00</BilansOtwarciaMa>
        <ObrotyWinien>0.00</ObrotyWinien>
        <ObrotyMa>0.00</ObrotyMa>
        <ObrotyWinienNarast>0.00</ObrotyWinienNarast>
        <ObrotyMaNarast>0.00</ObrotyMaNarast>
        <SaldoWinien>0.00</SaldoWinien>
        <SaldoMa>-0.00</SaldoMa>
    </ZOiS>

    <ZOiS  typ="G" >
        <KodKonta>600-01</KodKonta>
        <OpisKonta>PRODUKTY GOTOWE I PÓŁFABRYKATY</OpisKonta>
        <TypKonta>bilansowe</TypKonta>
        <KodZespolu>6</KodZespolu>
        <OpisZespolu>PRODUKTY G</OpisZespolu>
        <KodKategorii>kodk</KodKategorii>
        <OpisKategorii>opisk</OpisKategorii>
        <BilansOtwarciaWinien>0.00</BilansOtwarciaWinien>
        <BilansOtwarciaMa>0.00</BilansOtwarciaMa>
        <ObrotyWinien>0.00</ObrotyWinien>
        <ObrotyMa>0.00</ObrotyMa>
        <ObrotyWinienNarast>0.00</ObrotyWinienNarast>
        <ObrotyMaNarast>0.00</ObrotyMaNarast>
        <SaldoWinien>0.00</SaldoWinien>
        <SaldoMa>-0.00</SaldoMa>
    </ZOiS>

    <ZOiS  typ="G" >
        <KodKonta>601</KodKonta>
        <OpisKonta>WYROBY NA SKŁADZIE            </OpisKonta>
        <TypKonta>bilansowe</TypKonta>
        <KodZespolu>6</KodZespolu>
        <OpisZespolu>WYROBY NA </OpisZespolu>
        <KodKategorii>kodk</KodKategorii>
        <OpisKategorii>opisk</OpisKategorii>
        <BilansOtwarciaWinien>0.00</BilansOtwarciaWinien>
        <BilansOtwarciaMa>0.00</BilansOtwarciaMa>
        <ObrotyWinien>0.00</ObrotyWinien>
        <ObrotyMa>0.00</ObrotyMa>
        <ObrotyWinienNarast>0.00</ObrotyWinienNarast>
        <ObrotyMaNarast>0.00</ObrotyMaNarast>
        <SaldoWinien>0.00</SaldoWinien>
        <SaldoMa>-0.00</SaldoMa>
    </ZOiS>

    <ZOiS  typ="G" >
        <KodKonta>601-01</KodKonta>
        <OpisKonta>WYROBY NA SKŁADZIE</OpisKonta>
        <TypKonta>bilansowe</TypKonta>
        <KodZespolu>6</KodZespolu>
        <OpisZespolu>WYROBY NA </OpisZespolu>
        <KodKategorii>kodk</KodKategorii>
        <OpisKategorii>opisk</OpisKategorii>
        <BilansOtwarciaWinien>0.00</BilansOtwarciaWinien>
        <BilansOtwarciaMa>0.00</BilansOtwarciaMa>
        <ObrotyWinien>0.00</ObrotyWinien>
        <ObrotyMa>0.00</ObrotyMa>
        <ObrotyWinienNarast>0.00</ObrotyWinienNarast>
        <ObrotyMaNarast>0.00</ObrotyMaNarast>
        <SaldoWinien>0.00</SaldoWinien>
        <SaldoMa>-0.00</SaldoMa>
    </ZOiS>

    <ZOiS  typ="G" >
        <KodKonta>620</KodKonta>
        <OpisKonta>ODCHYL.OD CEN EW.PROD.GOTOWYCH</OpisKonta>
        <TypKonta>bilansowe</TypKonta>
        <KodZespolu>6</KodZespolu>
        <OpisZespolu>ODCHYL.OD </OpisZespolu>
        <KodKategorii>kodk</KodKategorii>
        <OpisKategorii>opisk</OpisKategorii>
        <BilansOtwarciaWinien>0.00</BilansOtwarciaWinien>
        <BilansOtwarciaMa>0.00</BilansOtwarciaMa>
        <ObrotyWinien>0.00</ObrotyWinien>
        <ObrotyMa>0.00</ObrotyMa>
        <ObrotyWinienNarast>0.00</ObrotyWinienNarast>
        <ObrotyMaNarast>0.00</ObrotyMaNarast>
        <SaldoWinien>0.00</SaldoWinien>
        <SaldoMa>-0.00</SaldoMa>
    </ZOiS>

    <ZOiS  typ="G" >
        <KodKonta>620-01</KodKonta>
        <OpisKonta>ODCHYL.OD CEN EW.PROD.GOTOWYCH</OpisKonta>
        <TypKonta>bilansowe</TypKonta>
        <KodZespolu>6</KodZespolu>
        <OpisZespolu>ODCHYL.OD </OpisZespolu>
        <KodKategorii>kodk</KodKategorii>
        <OpisKategorii>opisk</OpisKategorii>
        <BilansOtwarciaWinien>0.00</BilansOtwarciaWinien>
        <BilansOtwarciaMa>0.00</BilansOtwarciaMa>
        <ObrotyWinien>0.00</ObrotyWinien>
        <ObrotyMa>0.00</ObrotyMa>
        <ObrotyWinienNarast>0.00</ObrotyWinienNarast>
        <ObrotyMaNarast>0.00</ObrotyMaNarast>
        <SaldoWinien>0.00</SaldoWinien>
        <SaldoMa>-0.00</SaldoMa>
    </ZOiS>

    <ZOiS  typ="G" >
        <KodKonta>630</KodKonta>
        <OpisKonta>PRODUKCJA NIE ZAKOŃCZONA</OpisKonta>
        <TypKonta>bilansowe</TypKonta>
        <KodZespolu>6</KodZespolu>
        <OpisZespolu>PRODUKCJA </OpisZespolu>
        <KodKategorii>kodk</KodKategorii>
        <OpisKategorii>opisk</OpisKategorii>
        <BilansOtwarciaWinien>0.00</BilansOtwarciaWinien>
        <BilansOtwarciaMa>0.00</BilansOtwarciaMa>
        <ObrotyWinien>0.00</ObrotyWinien>
        <ObrotyMa>0.00</ObrotyMa>
        <ObrotyWinienNarast>0.00</ObrotyWinienNarast>
        <ObrotyMaNarast>0.00</ObrotyMaNarast>
        <SaldoWinien>0.00</SaldoWinien>
        <SaldoMa>-0.00</SaldoMa>
    </ZOiS>

    <ZOiS  typ="G" >
        <KodKonta>630-01</KodKonta>
        <OpisKonta>PRODUKCJA NIE ZAKOŃCZONA</OpisKonta>
        <TypKonta>bilansowe</TypKonta>
        <KodZespolu>6</KodZespolu>
        <OpisZespolu>PRODUKCJA </OpisZespolu>
        <KodKategorii>kodk</KodKategorii>
        <OpisKategorii>opisk</OpisKategorii>
        <BilansOtwarciaWinien>0.00</BilansOtwarciaWinien>
        <BilansOtwarciaMa>0.00</BilansOtwarciaMa>
        <ObrotyWinien>0.00</ObrotyWinien>
        <ObrotyMa>0.00</ObrotyMa>
        <ObrotyWinienNarast>0.00</ObrotyWinienNarast>
        <ObrotyMaNarast>0.00</ObrotyMaNarast>
        <SaldoWinien>0.00</SaldoWinien>
        <SaldoMa>-0.00</SaldoMa>
    </ZOiS>

    <ZOiS  typ="G" >
        <KodKonta>640</KodKonta>
        <OpisKonta>ROZLICZ.MIĘDZYOKRESOWE CZYNNE </OpisKonta>
        <TypKonta>bilansowe</TypKonta>
        <KodZespolu>6</KodZespolu>
        <OpisZespolu>ROZLICZ.MI</OpisZespolu>
        <KodKategorii>kodk</KodKategorii>
        <OpisKategorii>opisk</OpisKategorii>
        <BilansOtwarciaWinien>0.00</BilansOtwarciaWinien>
        <BilansOtwarciaMa>0.00</BilansOtwarciaMa>
        <ObrotyWinien>0.00</ObrotyWinien>
        <ObrotyMa>0.00</ObrotyMa>
        <ObrotyWinienNarast>0.00</ObrotyWinienNarast>
        <ObrotyMaNarast>0.00</ObrotyMaNarast>
        <SaldoWinien>0.00</SaldoWinien>
        <SaldoMa>-0.00</SaldoMa>
    </ZOiS>

    <ZOiS  typ="G" >
        <KodKonta>640-01</KodKonta>
        <OpisKonta>ROZLICZ. MIĘDZYOKRESOWE CZYNNE</OpisKonta>
        <TypKonta>bilansowe</TypKonta>
        <KodZespolu>6</KodZespolu>
        <OpisZespolu>ROZLICZ. M</OpisZespolu>
        <KodKategorii>kodk</KodKategorii>
        <OpisKategorii>opisk</OpisKategorii>
        <BilansOtwarciaWinien>0.00</BilansOtwarciaWinien>
        <BilansOtwarciaMa>0.00</BilansOtwarciaMa>
        <ObrotyWinien>0.00</ObrotyWinien>
        <ObrotyMa>0.00</ObrotyMa>
        <ObrotyWinienNarast>0.00</ObrotyWinienNarast>
        <ObrotyMaNarast>0.00</ObrotyMaNarast>
        <SaldoWinien>0.00</SaldoWinien>
        <SaldoMa>-0.00</SaldoMa>
    </ZOiS>

    <ZOiS  typ="G" >
        <KodKonta>641</KodKonta>
        <OpisKonta>ROZLICZ.MIĘDZYOKRESOWE BIERNE </OpisKonta>
        <TypKonta>bilansowe</TypKonta>
        <KodZespolu>6</KodZespolu>
        <OpisZespolu>ROZLICZ.MI</OpisZespolu>
        <KodKategorii>kodk</KodKategorii>
        <OpisKategorii>opisk</OpisKategorii>
        <BilansOtwarciaWinien>0.00</BilansOtwarciaWinien>
        <BilansOtwarciaMa>0.00</BilansOtwarciaMa>
        <ObrotyWinien>0.00</ObrotyWinien>
        <ObrotyMa>0.00</ObrotyMa>
        <ObrotyWinienNarast>0.00</ObrotyWinienNarast>
        <ObrotyMaNarast>0.00</ObrotyMaNarast>
        <SaldoWinien>0.00</SaldoWinien>
        <SaldoMa>-0.00</SaldoMa>
    </ZOiS>

    <ZOiS  typ="G" >
        <KodKonta>641-01</KodKonta>
        <OpisKonta>ROZLICZ.MIĘDZYOKRESOWE BIERNE</OpisKonta>
        <TypKonta>bilansowe</TypKonta>
        <KodZespolu>6</KodZespolu>
        <OpisZespolu>ROZLICZ.MI</OpisZespolu>
        <KodKategorii>kodk</KodKategorii>
        <OpisKategorii>opisk</OpisKategorii>
        <BilansOtwarciaWinien>0.00</BilansOtwarciaWinien>
        <BilansOtwarciaMa>0.00</BilansOtwarciaMa>
        <ObrotyWinien>0.00</ObrotyWinien>
        <ObrotyMa>0.00</ObrotyMa>
        <ObrotyWinienNarast>0.00</ObrotyWinienNarast>
        <ObrotyMaNarast>0.00</ObrotyMaNarast>
        <SaldoWinien>0.00</SaldoWinien>
        <SaldoMa>-0.00</SaldoMa>
    </ZOiS>

    <ZOiS  typ="G" >
        <KodKonta>641-02</KodKonta>
        <OpisKonta>ROZLICZ.MIĘDZYOKRESOWE BIERNE</OpisKonta>
        <TypKonta>bilansowe</TypKonta>
        <KodZespolu>6</KodZespolu>
        <OpisZespolu>ROZLICZ.MI</OpisZespolu>
        <KodKategorii>kodk</KodKategorii>
        <OpisKategorii>opisk</OpisKategorii>
        <BilansOtwarciaWinien>0.00</BilansOtwarciaWinien>
        <BilansOtwarciaMa>0.00</BilansOtwarciaMa>
        <ObrotyWinien>0.00</ObrotyWinien>
        <ObrotyMa>0.00</ObrotyMa>
        <ObrotyWinienNarast>0.00</ObrotyWinienNarast>
        <ObrotyMaNarast>0.00</ObrotyMaNarast>
        <SaldoWinien>0.00</SaldoWinien>
        <SaldoMa>-0.00</SaldoMa>
    </ZOiS>

    <ZOiS  typ="G" >
        <KodKonta>641-03</KodKonta>
        <OpisKonta>ROZLICZ.MIĘDZYOKRESOWE BIERNE</OpisKonta>
        <TypKonta>bilansowe</TypKonta>
        <KodZespolu>6</KodZespolu>
        <OpisZespolu>ROZLICZ.MI</OpisZespolu>
        <KodKategorii>kodk</KodKategorii>
        <OpisKategorii>opisk</OpisKategorii>
        <BilansOtwarciaWinien>0.00</BilansOtwarciaWinien>
        <BilansOtwarciaMa>0.00</BilansOtwarciaMa>
        <ObrotyWinien>0.00</ObrotyWinien>
        <ObrotyMa>0.00</ObrotyMa>
        <ObrotyWinienNarast>0.00</ObrotyWinienNarast>
        <ObrotyMaNarast>0.00</ObrotyMaNarast>
        <SaldoWinien>0.00</SaldoWinien>
        <SaldoMa>-0.00</SaldoMa>
    </ZOiS>

    <ZOiS  typ="G" >
        <KodKonta>700</KodKonta>
        <OpisKonta>SPRZEDAŻ WYROBÓW</OpisKonta>
        <TypKonta>bilansowe</TypKonta>
        <KodZespolu>7</KodZespolu>
        <OpisZespolu>SPRZEDAŻ W</OpisZespolu>
        <KodKategorii>kodk</KodKategorii>
        <OpisKategorii>opisk</OpisKategorii>
        <BilansOtwarciaWinien>0.00</BilansOtwarciaWinien>
        <BilansOtwarciaMa>0.00</BilansOtwarciaMa>
        <ObrotyWinien>0.00</ObrotyWinien>
        <ObrotyMa>0.00</ObrotyMa>
        <ObrotyWinienNarast>0.00</ObrotyWinienNarast>
        <ObrotyMaNarast>0.00</ObrotyMaNarast>
        <SaldoWinien>0.00</SaldoWinien>
        <SaldoMa>-0.00</SaldoMa>
    </ZOiS>

    <ZOiS  typ="G" >
        <KodKonta>700-01</KodKonta>
        <OpisKonta>SPRZEDAŻ WYROBÓW </OpisKonta>
        <TypKonta>bilansowe</TypKonta>
        <KodZespolu>7</KodZespolu>
        <OpisZespolu>SPRZEDAŻ W</OpisZespolu>
        <KodKategorii>kodk</KodKategorii>
        <OpisKategorii>opisk</OpisKategorii>
        <BilansOtwarciaWinien>0.00</BilansOtwarciaWinien>
        <BilansOtwarciaMa>0.00</BilansOtwarciaMa>
        <ObrotyWinien>0.00</ObrotyWinien>
        <ObrotyMa>1000.00</ObrotyMa>
        <ObrotyWinienNarast>0.00</ObrotyWinienNarast>
        <ObrotyMaNarast>1000.00</ObrotyMaNarast>
        <SaldoWinien>0.00</SaldoWinien>
        <SaldoMa>1000.00</SaldoMa>
    </ZOiS>

    <ZOiS  typ="G" >
        <KodKonta>701</KodKonta>
        <OpisKonta>KOSZT WŁ.SPRZEDANYCH PRODUKTÓW</OpisKonta>
        <TypKonta>bilansowe</TypKonta>
        <KodZespolu>7</KodZespolu>
        <OpisZespolu>KOSZT WŁ.S</OpisZespolu>
        <KodKategorii>kodk</KodKategorii>
        <OpisKategorii>opisk</OpisKategorii>
        <BilansOtwarciaWinien>0.00</BilansOtwarciaWinien>
        <BilansOtwarciaMa>0.00</BilansOtwarciaMa>
        <ObrotyWinien>0.00</ObrotyWinien>
        <ObrotyMa>0.00</ObrotyMa>
        <ObrotyWinienNarast>0.00</ObrotyWinienNarast>
        <ObrotyMaNarast>0.00</ObrotyMaNarast>
        <SaldoWinien>0.00</SaldoWinien>
        <SaldoMa>-0.00</SaldoMa>
    </ZOiS>

    <ZOiS  typ="G" >
        <KodKonta>701-01</KodKonta>
        <OpisKonta>KOSZT WŁ.SPRZEDANYCH PRODUKTÓW</OpisKonta>
        <TypKonta>bilansowe</TypKonta>
        <KodZespolu>7</KodZespolu>
        <OpisZespolu>KOSZT WŁ.S</OpisZespolu>
        <KodKategorii>kodk</KodKategorii>
        <OpisKategorii>opisk</OpisKategorii>
        <BilansOtwarciaWinien>0.00</BilansOtwarciaWinien>
        <BilansOtwarciaMa>0.00</BilansOtwarciaMa>
        <ObrotyWinien>0.00</ObrotyWinien>
        <ObrotyMa>0.00</ObrotyMa>
        <ObrotyWinienNarast>0.00</ObrotyWinienNarast>
        <ObrotyMaNarast>0.00</ObrotyMaNarast>
        <SaldoWinien>0.00</SaldoWinien>
        <SaldoMa>-0.00</SaldoMa>
    </ZOiS>

    <ZOiS  typ="G" >
        <KodKonta>702</KodKonta>
        <OpisKonta>SPRZEDAŻ USŁUG</OpisKonta>
        <TypKonta>bilansowe</TypKonta>
        <KodZespolu>7</KodZespolu>
        <OpisZespolu>SPRZEDAŻ U</OpisZespolu>
        <KodKategorii>kodk</KodKategorii>
        <OpisKategorii>opisk</OpisKategorii>
        <BilansOtwarciaWinien>0.00</BilansOtwarciaWinien>
        <BilansOtwarciaMa>0.00</BilansOtwarciaMa>
        <ObrotyWinien>0.00</ObrotyWinien>
        <ObrotyMa>0.00</ObrotyMa>
        <ObrotyWinienNarast>0.00</ObrotyWinienNarast>
        <ObrotyMaNarast>0.00</ObrotyMaNarast>
        <SaldoWinien>0.00</SaldoWinien>
        <SaldoMa>-0.00</SaldoMa>
    </ZOiS>

    <ZOiS  typ="G" >
        <KodKonta>702-01</KodKonta>
        <OpisKonta>SPRZEDAŻ USŁUG </OpisKonta>
        <TypKonta>bilansowe</TypKonta>
        <KodZespolu>7</KodZespolu>
        <OpisZespolu>SPRZEDAŻ U</OpisZespolu>
        <KodKategorii>kodk</KodKategorii>
        <OpisKategorii>opisk</OpisKategorii>
        <BilansOtwarciaWinien>0.00</BilansOtwarciaWinien>
        <BilansOtwarciaMa>0.00</BilansOtwarciaMa>
        <ObrotyWinien>0.00</ObrotyWinien>
        <ObrotyMa>0.00</ObrotyMa>
        <ObrotyWinienNarast>0.00</ObrotyWinienNarast>
        <ObrotyMaNarast>0.00</ObrotyMaNarast>
        <SaldoWinien>0.00</SaldoWinien>
        <SaldoMa>-0.00</SaldoMa>
    </ZOiS>

    <ZOiS  typ="G" >
        <KodKonta>703</KodKonta>
        <OpisKonta>KOSZT WŁASNY SPRZEDANYCH USŁUG</OpisKonta>
        <TypKonta>bilansowe</TypKonta>
        <KodZespolu>7</KodZespolu>
        <OpisZespolu>KOSZT WŁAS</OpisZespolu>
        <KodKategorii>kodk</KodKategorii>
        <OpisKategorii>opisk</OpisKategorii>
        <BilansOtwarciaWinien>0.00</BilansOtwarciaWinien>
        <BilansOtwarciaMa>0.00</BilansOtwarciaMa>
        <ObrotyWinien>0.00</ObrotyWinien>
        <ObrotyMa>0.00</ObrotyMa>
        <ObrotyWinienNarast>0.00</ObrotyWinienNarast>
        <ObrotyMaNarast>0.00</ObrotyMaNarast>
        <SaldoWinien>0.00</SaldoWinien>
        <SaldoMa>-0.00</SaldoMa>
    </ZOiS>

    <ZOiS  typ="G" >
        <KodKonta>703-01</KodKonta>
        <OpisKonta>KOSZT WŁASNY SPRZEDANYCH USŁUG</OpisKonta>
        <TypKonta>bilansowe</TypKonta>
        <KodZespolu>7</KodZespolu>
        <OpisZespolu>KOSZT WŁAS</OpisZespolu>
        <KodKategorii>kodk</KodKategorii>
        <OpisKategorii>opisk</OpisKategorii>
        <BilansOtwarciaWinien>0.00</BilansOtwarciaWinien>
        <BilansOtwarciaMa>0.00</BilansOtwarciaMa>
        <ObrotyWinien>0.00</ObrotyWinien>
        <ObrotyMa>0.00</ObrotyMa>
        <ObrotyWinienNarast>0.00</ObrotyWinienNarast>
        <ObrotyMaNarast>0.00</ObrotyMaNarast>
        <SaldoWinien>0.00</SaldoWinien>
        <SaldoMa>-0.00</SaldoMa>
    </ZOiS>

    <ZOiS  typ="G" >
        <KodKonta>704</KodKonta>
        <OpisKonta>KOSZTY OGÓLNOZAKŁADOWE        </OpisKonta>
        <TypKonta>bilansowe</TypKonta>
        <KodZespolu>7</KodZespolu>
        <OpisZespolu>KOSZTY OGÓ</OpisZespolu>
        <KodKategorii>kodk</KodKategorii>
        <OpisKategorii>opisk</OpisKategorii>
        <BilansOtwarciaWinien>0.00</BilansOtwarciaWinien>
        <BilansOtwarciaMa>0.00</BilansOtwarciaMa>
        <ObrotyWinien>0.00</ObrotyWinien>
        <ObrotyMa>0.00</ObrotyMa>
        <ObrotyWinienNarast>0.00</ObrotyWinienNarast>
        <ObrotyMaNarast>0.00</ObrotyMaNarast>
        <SaldoWinien>0.00</SaldoWinien>
        <SaldoMa>-0.00</SaldoMa>
    </ZOiS>

    <ZOiS  typ="G" >
        <KodKonta>704-01</KodKonta>
        <OpisKonta>KOSZTY OGÓLNOZAKŁADOWE</OpisKonta>
        <TypKonta>bilansowe</TypKonta>
        <KodZespolu>7</KodZespolu>
        <OpisZespolu>KOSZTY OGÓ</OpisZespolu>
        <KodKategorii>kodk</KodKategorii>
        <OpisKategorii>opisk</OpisKategorii>
        <BilansOtwarciaWinien>0.00</BilansOtwarciaWinien>
        <BilansOtwarciaMa>0.00</BilansOtwarciaMa>
        <ObrotyWinien>0.00</ObrotyWinien>
        <ObrotyMa>0.00</ObrotyMa>
        <ObrotyWinienNarast>0.00</ObrotyWinienNarast>
        <ObrotyMaNarast>0.00</ObrotyMaNarast>
        <SaldoWinien>0.00</SaldoWinien>
        <SaldoMa>-0.00</SaldoMa>
    </ZOiS>

    <ZOiS  typ="G" >
        <KodKonta>704-02</KodKonta>
        <OpisKonta>KOSZTY OGÓLNOZAKŁADOWE-N.K.U.P</OpisKonta>
        <TypKonta>bilansowe</TypKonta>
        <KodZespolu>7</KodZespolu>
        <OpisZespolu>KOSZTY OGÓ</OpisZespolu>
        <KodKategorii>kodk</KodKategorii>
        <OpisKategorii>opisk</OpisKategorii>
        <BilansOtwarciaWinien>0.00</BilansOtwarciaWinien>
        <BilansOtwarciaMa>0.00</BilansOtwarciaMa>
        <ObrotyWinien>0.00</ObrotyWinien>
        <ObrotyMa>0.00</ObrotyMa>
        <ObrotyWinienNarast>0.00</ObrotyWinienNarast>
        <ObrotyMaNarast>0.00</ObrotyMaNarast>
        <SaldoWinien>0.00</SaldoWinien>
        <SaldoMa>-0.00</SaldoMa>
    </ZOiS>

    <ZOiS  typ="G" >
        <KodKonta>704-03</KodKonta>
        <OpisKonta>WYNAGRODZENIE, ZUS N.K.U.P</OpisKonta>
        <TypKonta>bilansowe</TypKonta>
        <KodZespolu>7</KodZespolu>
        <OpisZespolu>WYNAGRODZE</OpisZespolu>
        <KodKategorii>kodk</KodKategorii>
        <OpisKategorii>opisk</OpisKategorii>
        <BilansOtwarciaWinien>0.00</BilansOtwarciaWinien>
        <BilansOtwarciaMa>0.00</BilansOtwarciaMa>
        <ObrotyWinien>0.00</ObrotyWinien>
        <ObrotyMa>0.00</ObrotyMa>
        <ObrotyWinienNarast>0.00</ObrotyWinienNarast>
        <ObrotyMaNarast>0.00</ObrotyMaNarast>
        <SaldoWinien>0.00</SaldoWinien>
        <SaldoMa>-0.00</SaldoMa>
    </ZOiS>

    <ZOiS  typ="G" >
        <KodKonta>708</KodKonta>
        <OpisKonta>KOSZTY HANDLOWE               </OpisKonta>
        <TypKonta>bilansowe</TypKonta>
        <KodZespolu>7</KodZespolu>
        <OpisZespolu>KOSZTY HAN</OpisZespolu>
        <KodKategorii>kodk</KodKategorii>
        <OpisKategorii>opisk</OpisKategorii>
        <BilansOtwarciaWinien>0.00</BilansOtwarciaWinien>
        <BilansOtwarciaMa>0.00</BilansOtwarciaMa>
        <ObrotyWinien>0.00</ObrotyWinien>
        <ObrotyMa>0.00</ObrotyMa>
        <ObrotyWinienNarast>0.00</ObrotyWinienNarast>
        <ObrotyMaNarast>0.00</ObrotyMaNarast>
        <SaldoWinien>0.00</SaldoWinien>
        <SaldoMa>-0.00</SaldoMa>
    </ZOiS>

    <ZOiS  typ="G" >
        <KodKonta>708-01</KodKonta>
        <OpisKonta>KOSZTY HANDLOWE</OpisKonta>
        <TypKonta>bilansowe</TypKonta>
        <KodZespolu>7</KodZespolu>
        <OpisZespolu>KOSZTY HAN</OpisZespolu>
        <KodKategorii>kodk</KodKategorii>
        <OpisKategorii>opisk</OpisKategorii>
        <BilansOtwarciaWinien>0.00</BilansOtwarciaWinien>
        <BilansOtwarciaMa>0.00</BilansOtwarciaMa>
        <ObrotyWinien>0.00</ObrotyWinien>
        <ObrotyMa>0.00</ObrotyMa>
        <ObrotyWinienNarast>0.00</ObrotyWinienNarast>
        <ObrotyMaNarast>0.00</ObrotyMaNarast>
        <SaldoWinien>0.00</SaldoWinien>
        <SaldoMa>-0.00</SaldoMa>
    </ZOiS>

    <ZOiS  typ="G" >
        <KodKonta>708-02</KodKonta>
        <OpisKonta>KOSZTY HANDLOWE N.K.P.U.</OpisKonta>
        <TypKonta>bilansowe</TypKonta>
        <KodZespolu>7</KodZespolu>
        <OpisZespolu>KOSZTY HAN</OpisZespolu>
        <KodKategorii>kodk</KodKategorii>
        <OpisKategorii>opisk</OpisKategorii>
        <BilansOtwarciaWinien>0.00</BilansOtwarciaWinien>
        <BilansOtwarciaMa>0.00</BilansOtwarciaMa>
        <ObrotyWinien>0.00</ObrotyWinien>
        <ObrotyMa>0.00</ObrotyMa>
        <ObrotyWinienNarast>0.00</ObrotyWinienNarast>
        <ObrotyMaNarast>0.00</ObrotyMaNarast>
        <SaldoWinien>0.00</SaldoWinien>
        <SaldoMa>-0.00</SaldoMa>
    </ZOiS>

    <ZOiS  typ="G" >
        <KodKonta>730</KodKonta>
        <OpisKonta>SPRZEDAŻ TOWARÓW</OpisKonta>
        <TypKonta>bilansowe</TypKonta>
        <KodZespolu>7</KodZespolu>
        <OpisZespolu>SPRZEDAŻ T</OpisZespolu>
        <KodKategorii>kodk</KodKategorii>
        <OpisKategorii>opisk</OpisKategorii>
        <BilansOtwarciaWinien>0.00</BilansOtwarciaWinien>
        <BilansOtwarciaMa>0.00</BilansOtwarciaMa>
        <ObrotyWinien>0.00</ObrotyWinien>
        <ObrotyMa>0.00</ObrotyMa>
        <ObrotyWinienNarast>0.00</ObrotyWinienNarast>
        <ObrotyMaNarast>0.00</ObrotyMaNarast>
        <SaldoWinien>0.00</SaldoWinien>
        <SaldoMa>-0.00</SaldoMa>
    </ZOiS>

    <ZOiS  typ="G" >
        <KodKonta>730-01</KodKonta>
        <OpisKonta>SPRZEDAŻ TOWARÓW </OpisKonta>
        <TypKonta>bilansowe</TypKonta>
        <KodZespolu>7</KodZespolu>
        <OpisZespolu>SPRZEDAŻ T</OpisZespolu>
        <KodKategorii>kodk</KodKategorii>
        <OpisKategorii>opisk</OpisKategorii>
        <BilansOtwarciaWinien>0.00</BilansOtwarciaWinien>
        <BilansOtwarciaMa>0.00</BilansOtwarciaMa>
        <ObrotyWinien>0.00</ObrotyWinien>
        <ObrotyMa>0.00</ObrotyMa>
        <ObrotyWinienNarast>0.00</ObrotyWinienNarast>
        <ObrotyMaNarast>0.00</ObrotyMaNarast>
        <SaldoWinien>0.00</SaldoWinien>
        <SaldoMa>-0.00</SaldoMa>
    </ZOiS>

    <ZOiS  typ="G" >
        <KodKonta>731</KodKonta>
        <OpisKonta>KOSZT WŁ.TOWARÓW WG CEN ZAKUPU</OpisKonta>
        <TypKonta>bilansowe</TypKonta>
        <KodZespolu>7</KodZespolu>
        <OpisZespolu>KOSZT WŁ.T</OpisZespolu>
        <KodKategorii>kodk</KodKategorii>
        <OpisKategorii>opisk</OpisKategorii>
        <BilansOtwarciaWinien>0.00</BilansOtwarciaWinien>
        <BilansOtwarciaMa>0.00</BilansOtwarciaMa>
        <ObrotyWinien>0.00</ObrotyWinien>
        <ObrotyMa>0.00</ObrotyMa>
        <ObrotyWinienNarast>0.00</ObrotyWinienNarast>
        <ObrotyMaNarast>0.00</ObrotyMaNarast>
        <SaldoWinien>0.00</SaldoWinien>
        <SaldoMa>-0.00</SaldoMa>
    </ZOiS>

    <ZOiS  typ="G" >
        <KodKonta>731-01</KodKonta>
        <OpisKonta>KOSZT WŁ.TOWARÓW WG CEN ZAKUPU</OpisKonta>
        <TypKonta>bilansowe</TypKonta>
        <KodZespolu>7</KodZespolu>
        <OpisZespolu>KOSZT WŁ.T</OpisZespolu>
        <KodKategorii>kodk</KodKategorii>
        <OpisKategorii>opisk</OpisKategorii>
        <BilansOtwarciaWinien>0.00</BilansOtwarciaWinien>
        <BilansOtwarciaMa>0.00</BilansOtwarciaMa>
        <ObrotyWinien>0.00</ObrotyWinien>
        <ObrotyMa>0.00</ObrotyMa>
        <ObrotyWinienNarast>0.00</ObrotyWinienNarast>
        <ObrotyMaNarast>0.00</ObrotyMaNarast>
        <SaldoWinien>0.00</SaldoWinien>
        <SaldoMa>-0.00</SaldoMa>
    </ZOiS>

    <ZOiS  typ="G" >
        <KodKonta>731-02</KodKonta>
        <OpisKonta>KOSZT WŁ.TOWARÓW WG CEN ZAKUPU</OpisKonta>
        <TypKonta>bilansowe</TypKonta>
        <KodZespolu>7</KodZespolu>
        <OpisZespolu>KOSZT WŁ.T</OpisZespolu>
        <KodKategorii>kodk</KodKategorii>
        <OpisKategorii>opisk</OpisKategorii>
        <BilansOtwarciaWinien>0.00</BilansOtwarciaWinien>
        <BilansOtwarciaMa>0.00</BilansOtwarciaMa>
        <ObrotyWinien>0.00</ObrotyWinien>
        <ObrotyMa>0.00</ObrotyMa>
        <ObrotyWinienNarast>0.00</ObrotyWinienNarast>
        <ObrotyMaNarast>0.00</ObrotyMaNarast>
        <SaldoWinien>0.00</SaldoWinien>
        <SaldoMa>-0.00</SaldoMa>
    </ZOiS>

    <ZOiS  typ="G" >
        <KodKonta>750</KodKonta>
        <OpisKonta>PRZYCHODY FINANSOWE           </OpisKonta>
        <TypKonta>bilansowe</TypKonta>
        <KodZespolu>7</KodZespolu>
        <OpisZespolu>PRZYCHODY </OpisZespolu>
        <KodKategorii>kodk</KodKategorii>
        <OpisKategorii>opisk</OpisKategorii>
        <BilansOtwarciaWinien>0.00</BilansOtwarciaWinien>
        <BilansOtwarciaMa>0.00</BilansOtwarciaMa>
        <ObrotyWinien>0.00</ObrotyWinien>
        <ObrotyMa>0.00</ObrotyMa>
        <ObrotyWinienNarast>0.00</ObrotyWinienNarast>
        <ObrotyMaNarast>0.00</ObrotyMaNarast>
        <SaldoWinien>0.00</SaldoWinien>
        <SaldoMa>-0.00</SaldoMa>
    </ZOiS>

    <ZOiS  typ="G" >
        <KodKonta>750-01</KodKonta>
        <OpisKonta>PRZYCHODY FINANSOWE</OpisKonta>
        <TypKonta>bilansowe</TypKonta>
        <KodZespolu>7</KodZespolu>
        <OpisZespolu>PRZYCHODY </OpisZespolu>
        <KodKategorii>kodk</KodKategorii>
        <OpisKategorii>opisk</OpisKategorii>
        <BilansOtwarciaWinien>0.00</BilansOtwarciaWinien>
        <BilansOtwarciaMa>0.00</BilansOtwarciaMa>
        <ObrotyWinien>0.00</ObrotyWinien>
        <ObrotyMa>0.00</ObrotyMa>
        <ObrotyWinienNarast>0.00</ObrotyWinienNarast>
        <ObrotyMaNarast>0.00</ObrotyMaNarast>
        <SaldoWinien>0.00</SaldoWinien>
        <SaldoMa>-0.00</SaldoMa>
    </ZOiS>

    <ZOiS  typ="G" >
        <KodKonta>750-02</KodKonta>
        <OpisKonta>ODSETKI USTAWOWE NIE ZAPŁACONE</OpisKonta>
        <TypKonta>bilansowe</TypKonta>
        <KodZespolu>7</KodZespolu>
        <OpisZespolu>ODSETKI US</OpisZespolu>
        <KodKategorii>kodk</KodKategorii>
        <OpisKategorii>opisk</OpisKategorii>
        <BilansOtwarciaWinien>0.00</BilansOtwarciaWinien>
        <BilansOtwarciaMa>0.00</BilansOtwarciaMa>
        <ObrotyWinien>0.00</ObrotyWinien>
        <ObrotyMa>0.00</ObrotyMa>
        <ObrotyWinienNarast>0.00</ObrotyWinienNarast>
        <ObrotyMaNarast>0.00</ObrotyMaNarast>
        <SaldoWinien>0.00</SaldoWinien>
        <SaldoMa>-0.00</SaldoMa>
    </ZOiS>

    <ZOiS  typ="G" >
        <KodKonta>750-03</KodKonta>
        <OpisKonta>ODSETKI USTOWAWE ZAPŁACONE    </OpisKonta>
        <TypKonta>bilansowe</TypKonta>
        <KodZespolu>7</KodZespolu>
        <OpisZespolu>ODSETKI US</OpisZespolu>
        <KodKategorii>kodk</KodKategorii>
        <OpisKategorii>opisk</OpisKategorii>
        <BilansOtwarciaWinien>0.00</BilansOtwarciaWinien>
        <BilansOtwarciaMa>0.00</BilansOtwarciaMa>
        <ObrotyWinien>0.00</ObrotyWinien>
        <ObrotyMa>0.00</ObrotyMa>
        <ObrotyWinienNarast>0.00</ObrotyWinienNarast>
        <ObrotyMaNarast>0.00</ObrotyMaNarast>
        <SaldoWinien>0.00</SaldoWinien>
        <SaldoMa>-0.00</SaldoMa>
    </ZOiS>

    <ZOiS  typ="G" >
        <KodKonta>750-04</KodKonta>
        <OpisKonta>DODATNIE RÓŻNICE KURSOWE</OpisKonta>
        <TypKonta>bilansowe</TypKonta>
        <KodZespolu>7</KodZespolu>
        <OpisZespolu>DODATNIE R</OpisZespolu>
        <KodKategorii>kodk</KodKategorii>
        <OpisKategorii>opisk</OpisKategorii>
        <BilansOtwarciaWinien>0.00</BilansOtwarciaWinien>
        <BilansOtwarciaMa>0.00</BilansOtwarciaMa>
        <ObrotyWinien>0.00</ObrotyWinien>
        <ObrotyMa>0.00</ObrotyMa>
        <ObrotyWinienNarast>0.00</ObrotyWinienNarast>
        <ObrotyMaNarast>0.00</ObrotyMaNarast>
        <SaldoWinien>0.00</SaldoWinien>
        <SaldoMa>-0.00</SaldoMa>
    </ZOiS>

    <ZOiS  typ="G" >
        <KodKonta>750-05</KodKonta>
        <OpisKonta>ODSETKI OD UDZIELONYCH POŻYCZE</OpisKonta>
        <TypKonta>bilansowe</TypKonta>
        <KodZespolu>7</KodZespolu>
        <OpisZespolu>ODSETKI OD</OpisZespolu>
        <KodKategorii>kodk</KodKategorii>
        <OpisKategorii>opisk</OpisKategorii>
        <BilansOtwarciaWinien>0.00</BilansOtwarciaWinien>
        <BilansOtwarciaMa>0.00</BilansOtwarciaMa>
        <ObrotyWinien>0.00</ObrotyWinien>
        <ObrotyMa>0.00</ObrotyMa>
        <ObrotyWinienNarast>0.00</ObrotyWinienNarast>
        <ObrotyMaNarast>0.00</ObrotyMaNarast>
        <SaldoWinien>0.00</SaldoWinien>
        <SaldoMa>-0.00</SaldoMa>
    </ZOiS>

    <ZOiS  typ="G" >
        <KodKonta>750-90</KodKonta>
        <OpisKonta>ROZWIĄZ.AKTUALIZACJI NA</OpisKonta>
        <TypKonta>bilansowe</TypKonta>
        <KodZespolu>7</KodZespolu>
        <OpisZespolu>ROZWIĄZ.AK</OpisZespolu>
        <KodKategorii>kodk</KodKategorii>
        <OpisKategorii>opisk</OpisKategorii>
        <BilansOtwarciaWinien>0.00</BilansOtwarciaWinien>
        <BilansOtwarciaMa>0.00</BilansOtwarciaMa>
        <ObrotyWinien>0.00</ObrotyWinien>
        <ObrotyMa>0.00</ObrotyMa>
        <ObrotyWinienNarast>0.00</ObrotyWinienNarast>
        <ObrotyMaNarast>0.00</ObrotyMaNarast>
        <SaldoWinien>0.00</SaldoWinien>
        <SaldoMa>-0.00</SaldoMa>
    </ZOiS>

    <ZOiS  typ="G" >
        <KodKonta>751</KodKonta>
        <OpisKonta>KOSZTY FINANSOWE              </OpisKonta>
        <TypKonta>bilansowe</TypKonta>
        <KodZespolu>7</KodZespolu>
        <OpisZespolu>KOSZTY FIN</OpisZespolu>
        <KodKategorii>kodk</KodKategorii>
        <OpisKategorii>opisk</OpisKategorii>
        <BilansOtwarciaWinien>0.00</BilansOtwarciaWinien>
        <BilansOtwarciaMa>0.00</BilansOtwarciaMa>
        <ObrotyWinien>0.00</ObrotyWinien>
        <ObrotyMa>0.00</ObrotyMa>
        <ObrotyWinienNarast>0.00</ObrotyWinienNarast>
        <ObrotyMaNarast>0.00</ObrotyMaNarast>
        <SaldoWinien>0.00</SaldoWinien>
        <SaldoMa>-0.00</SaldoMa>
    </ZOiS>

    <ZOiS  typ="G" >
        <KodKonta>751-01</KodKonta>
        <OpisKonta>KOSZTY FINANSOWE</OpisKonta>
        <TypKonta>bilansowe</TypKonta>
        <KodZespolu>7</KodZespolu>
        <OpisZespolu>KOSZTY FIN</OpisZespolu>
        <KodKategorii>kodk</KodKategorii>
        <OpisKategorii>opisk</OpisKategorii>
        <BilansOtwarciaWinien>0.00</BilansOtwarciaWinien>
        <BilansOtwarciaMa>0.00</BilansOtwarciaMa>
        <ObrotyWinien>0.00</ObrotyWinien>
        <ObrotyMa>0.00</ObrotyMa>
        <ObrotyWinienNarast>0.00</ObrotyWinienNarast>
        <ObrotyMaNarast>0.00</ObrotyMaNarast>
        <SaldoWinien>0.00</SaldoWinien>
        <SaldoMa>-0.00</SaldoMa>
    </ZOiS>

    <ZOiS  typ="G" >
        <KodKonta>751-02</KodKonta>
        <OpisKonta>ODSETKI USTAWOWE NIE ZAPŁACONE</OpisKonta>
        <TypKonta>bilansowe</TypKonta>
        <KodZespolu>7</KodZespolu>
        <OpisZespolu>ODSETKI US</OpisZespolu>
        <KodKategorii>kodk</KodKategorii>
        <OpisKategorii>opisk</OpisKategorii>
        <BilansOtwarciaWinien>0.00</BilansOtwarciaWinien>
        <BilansOtwarciaMa>0.00</BilansOtwarciaMa>
        <ObrotyWinien>0.00</ObrotyWinien>
        <ObrotyMa>0.00</ObrotyMa>
        <ObrotyWinienNarast>0.00</ObrotyWinienNarast>
        <ObrotyMaNarast>0.00</ObrotyMaNarast>
        <SaldoWinien>0.00</SaldoWinien>
        <SaldoMa>-0.00</SaldoMa>
    </ZOiS>

    <ZOiS  typ="G" >
        <KodKonta>751-03</KodKonta>
        <OpisKonta>ODSETKI USTAWOWE ZAPŁACONE    </OpisKonta>
        <TypKonta>bilansowe</TypKonta>
        <KodZespolu>7</KodZespolu>
        <OpisZespolu>ODSETKI US</OpisZespolu>
        <KodKategorii>kodk</KodKategorii>
        <OpisKategorii>opisk</OpisKategorii>
        <BilansOtwarciaWinien>0.00</BilansOtwarciaWinien>
        <BilansOtwarciaMa>0.00</BilansOtwarciaMa>
        <ObrotyWinien>0.00</ObrotyWinien>
        <ObrotyMa>0.00</ObrotyMa>
        <ObrotyWinienNarast>0.00</ObrotyWinienNarast>
        <ObrotyMaNarast>0.00</ObrotyMaNarast>
        <SaldoWinien>0.00</SaldoWinien>
        <SaldoMa>-0.00</SaldoMa>
    </ZOiS>

    <ZOiS  typ="G" >
        <KodKonta>751-04</KodKonta>
        <OpisKonta>UJEMNE RÓŻNICE KURSOWE</OpisKonta>
        <TypKonta>bilansowe</TypKonta>
        <KodZespolu>7</KodZespolu>
        <OpisZespolu>UJEMNE RÓŻ</OpisZespolu>
        <KodKategorii>kodk</KodKategorii>
        <OpisKategorii>opisk</OpisKategorii>
        <BilansOtwarciaWinien>0.00</BilansOtwarciaWinien>
        <BilansOtwarciaMa>0.00</BilansOtwarciaMa>
        <ObrotyWinien>0.00</ObrotyWinien>
        <ObrotyMa>0.00</ObrotyMa>
        <ObrotyWinienNarast>0.00</ObrotyWinienNarast>
        <ObrotyMaNarast>0.00</ObrotyMaNarast>
        <SaldoWinien>0.00</SaldoWinien>
        <SaldoMa>-0.00</SaldoMa>
    </ZOiS>

    <ZOiS  typ="G" >
        <KodKonta>751-05</KodKonta>
        <OpisKonta>ODSETKI OD KREDYTÓW</OpisKonta>
        <TypKonta>bilansowe</TypKonta>
        <KodZespolu>7</KodZespolu>
        <OpisZespolu>ODSETKI OD</OpisZespolu>
        <KodKategorii>kodk</KodKategorii>
        <OpisKategorii>opisk</OpisKategorii>
        <BilansOtwarciaWinien>0.00</BilansOtwarciaWinien>
        <BilansOtwarciaMa>0.00</BilansOtwarciaMa>
        <ObrotyWinien>0.00</ObrotyWinien>
        <ObrotyMa>0.00</ObrotyMa>
        <ObrotyWinienNarast>0.00</ObrotyWinienNarast>
        <ObrotyMaNarast>0.00</ObrotyMaNarast>
        <SaldoWinien>0.00</SaldoWinien>
        <SaldoMa>-0.00</SaldoMa>
    </ZOiS>

    <ZOiS  typ="G" >
        <KodKonta>751-06</KodKonta>
        <OpisKonta>KARNE ODSETKI BUDŻETOWE       </OpisKonta>
        <TypKonta>bilansowe</TypKonta>
        <KodZespolu>7</KodZespolu>
        <OpisZespolu>KARNE ODSE</OpisZespolu>
        <KodKategorii>kodk</KodKategorii>
        <OpisKategorii>opisk</OpisKategorii>
        <BilansOtwarciaWinien>0.00</BilansOtwarciaWinien>
        <BilansOtwarciaMa>0.00</BilansOtwarciaMa>
        <ObrotyWinien>0.00</ObrotyWinien>
        <ObrotyMa>0.00</ObrotyMa>
        <ObrotyWinienNarast>0.00</ObrotyWinienNarast>
        <ObrotyMaNarast>0.00</ObrotyMaNarast>
        <SaldoWinien>0.00</SaldoWinien>
        <SaldoMa>-0.00</SaldoMa>
    </ZOiS>

    <ZOiS  typ="G" >
        <KodKonta>751-07</KodKonta>
        <OpisKonta>-SALDO WYCENY RÓŻNIC KURSOWYCH</OpisKonta>
        <TypKonta>bilansowe</TypKonta>
        <KodZespolu>7</KodZespolu>
        <OpisZespolu>-SALDO WYC</OpisZespolu>
        <KodKategorii>kodk</KodKategorii>
        <OpisKategorii>opisk</OpisKategorii>
        <BilansOtwarciaWinien>0.00</BilansOtwarciaWinien>
        <BilansOtwarciaMa>0.00</BilansOtwarciaMa>
        <ObrotyWinien>0.00</ObrotyWinien>
        <ObrotyMa>0.00</ObrotyMa>
        <ObrotyWinienNarast>0.00</ObrotyWinienNarast>
        <ObrotyMaNarast>0.00</ObrotyMaNarast>
        <SaldoWinien>0.00</SaldoWinien>
        <SaldoMa>-0.00</SaldoMa>
    </ZOiS>

    <ZOiS  typ="G" >
        <KodKonta>751-08</KodKonta>
        <OpisKonta>ODSETKI OD KREDYTÓW</OpisKonta>
        <TypKonta>bilansowe</TypKonta>
        <KodZespolu>7</KodZespolu>
        <OpisZespolu>ODSETKI OD</OpisZespolu>
        <KodKategorii>kodk</KodKategorii>
        <OpisKategorii>opisk</OpisKategorii>
        <BilansOtwarciaWinien>0.00</BilansOtwarciaWinien>
        <BilansOtwarciaMa>0.00</BilansOtwarciaMa>
        <ObrotyWinien>0.00</ObrotyWinien>
        <ObrotyMa>0.00</ObrotyMa>
        <ObrotyWinienNarast>0.00</ObrotyWinienNarast>
        <ObrotyMaNarast>0.00</ObrotyMaNarast>
        <SaldoWinien>0.00</SaldoWinien>
        <SaldoMa>-0.00</SaldoMa>
    </ZOiS>

    <ZOiS  typ="G" >
        <KodKonta>751-09</KodKonta>
        <OpisKonta>AKTUALIZACJA  NALEŻNOŚCI</OpisKonta>
        <TypKonta>bilansowe</TypKonta>
        <KodZespolu>7</KodZespolu>
        <OpisZespolu>AKTUALIZAC</OpisZespolu>
        <KodKategorii>kodk</KodKategorii>
        <OpisKategorii>opisk</OpisKategorii>
        <BilansOtwarciaWinien>0.00</BilansOtwarciaWinien>
        <BilansOtwarciaMa>0.00</BilansOtwarciaMa>
        <ObrotyWinien>0.00</ObrotyWinien>
        <ObrotyMa>0.00</ObrotyMa>
        <ObrotyWinienNarast>0.00</ObrotyWinienNarast>
        <ObrotyMaNarast>0.00</ObrotyMaNarast>
        <SaldoWinien>0.00</SaldoWinien>
        <SaldoMa>-0.00</SaldoMa>
    </ZOiS>

    <ZOiS  typ="G" >
        <KodKonta>760</KodKonta>
        <OpisKonta>POZOSTAŁE PRZYCHODY OPERACYJNE</OpisKonta>
        <TypKonta>bilansowe</TypKonta>
        <KodZespolu>7</KodZespolu>
        <OpisZespolu>POZOSTAŁE </OpisZespolu>
        <KodKategorii>kodk</KodKategorii>
        <OpisKategorii>opisk</OpisKategorii>
        <BilansOtwarciaWinien>0.00</BilansOtwarciaWinien>
        <BilansOtwarciaMa>0.00</BilansOtwarciaMa>
        <ObrotyWinien>0.00</ObrotyWinien>
        <ObrotyMa>0.00</ObrotyMa>
        <ObrotyWinienNarast>0.00</ObrotyWinienNarast>
        <ObrotyMaNarast>0.00</ObrotyMaNarast>
        <SaldoWinien>0.00</SaldoWinien>
        <SaldoMa>-0.00</SaldoMa>
    </ZOiS>

    <ZOiS  typ="G" >
        <KodKonta>760-01</KodKonta>
        <OpisKonta>POZOSTAŁE PRZYCHODY OPERACYJNE</OpisKonta>
        <TypKonta>bilansowe</TypKonta>
        <KodZespolu>7</KodZespolu>
        <OpisZespolu>POZOSTAŁE </OpisZespolu>
        <KodKategorii>kodk</KodKategorii>
        <OpisKategorii>opisk</OpisKategorii>
        <BilansOtwarciaWinien>0.00</BilansOtwarciaWinien>
        <BilansOtwarciaMa>0.00</BilansOtwarciaMa>
        <ObrotyWinien>0.00</ObrotyWinien>
        <ObrotyMa>0.00</ObrotyMa>
        <ObrotyWinienNarast>0.00</ObrotyWinienNarast>
        <ObrotyMaNarast>0.00</ObrotyMaNarast>
        <SaldoWinien>0.00</SaldoWinien>
        <SaldoMa>-0.00</SaldoMa>
    </ZOiS>

    <ZOiS  typ="G" >
        <KodKonta>760-02</KodKonta>
        <OpisKonta>POZOST.PRZYCH.OPER.  NP</OpisKonta>
        <TypKonta>bilansowe</TypKonta>
        <KodZespolu>7</KodZespolu>
        <OpisZespolu>POZOST.PRZ</OpisZespolu>
        <KodKategorii>kodk</KodKategorii>
        <OpisKategorii>opisk</OpisKategorii>
        <BilansOtwarciaWinien>0.00</BilansOtwarciaWinien>
        <BilansOtwarciaMa>0.00</BilansOtwarciaMa>
        <ObrotyWinien>0.00</ObrotyWinien>
        <ObrotyMa>0.00</ObrotyMa>
        <ObrotyWinienNarast>0.00</ObrotyWinienNarast>
        <ObrotyMaNarast>0.00</ObrotyMaNarast>
        <SaldoWinien>0.00</SaldoWinien>
        <SaldoMa>-0.00</SaldoMa>
    </ZOiS>

    <ZOiS  typ="G" >
        <KodKonta>760-03</KodKonta>
        <OpisKonta>POZOS.PRZYCHODY OPE.REFUNDACJA</OpisKonta>
        <TypKonta>bilansowe</TypKonta>
        <KodZespolu>7</KodZespolu>
        <OpisZespolu>POZOS.PRZY</OpisZespolu>
        <KodKategorii>kodk</KodKategorii>
        <OpisKategorii>opisk</OpisKategorii>
        <BilansOtwarciaWinien>0.00</BilansOtwarciaWinien>
        <BilansOtwarciaMa>0.00</BilansOtwarciaMa>
        <ObrotyWinien>0.00</ObrotyWinien>
        <ObrotyMa>0.00</ObrotyMa>
        <ObrotyWinienNarast>0.00</ObrotyWinienNarast>
        <ObrotyMaNarast>0.00</ObrotyMaNarast>
        <SaldoWinien>0.00</SaldoWinien>
        <SaldoMa>-0.00</SaldoMa>
    </ZOiS>

    <ZOiS  typ="G" >
        <KodKonta>760-10</KodKonta>
        <OpisKonta>SPRZEDAŻ  ŚRODKÓW TRWAŁYCH</OpisKonta>
        <TypKonta>bilansowe</TypKonta>
        <KodZespolu>7</KodZespolu>
        <OpisZespolu>SPRZEDAŻ  </OpisZespolu>
        <KodKategorii>kodk</KodKategorii>
        <OpisKategorii>opisk</OpisKategorii>
        <BilansOtwarciaWinien>0.00</BilansOtwarciaWinien>
        <BilansOtwarciaMa>0.00</BilansOtwarciaMa>
        <ObrotyWinien>0.00</ObrotyWinien>
        <ObrotyMa>0.00</ObrotyMa>
        <ObrotyWinienNarast>0.00</ObrotyWinienNarast>
        <ObrotyMaNarast>0.00</ObrotyMaNarast>
        <SaldoWinien>0.00</SaldoWinien>
        <SaldoMa>-0.00</SaldoMa>
    </ZOiS>

    <ZOiS  typ="G" >
        <KodKonta>760-20</KodKonta>
        <OpisKonta>OTRZYMANE DAROWIZNY           </OpisKonta>
        <TypKonta>bilansowe</TypKonta>
        <KodZespolu>7</KodZespolu>
        <OpisZespolu>OTRZYMANE </OpisZespolu>
        <KodKategorii>kodk</KodKategorii>
        <OpisKategorii>opisk</OpisKategorii>
        <BilansOtwarciaWinien>0.00</BilansOtwarciaWinien>
        <BilansOtwarciaMa>0.00</BilansOtwarciaMa>
        <ObrotyWinien>0.00</ObrotyWinien>
        <ObrotyMa>0.00</ObrotyMa>
        <ObrotyWinienNarast>0.00</ObrotyWinienNarast>
        <ObrotyMaNarast>0.00</ObrotyMaNarast>
        <SaldoWinien>0.00</SaldoWinien>
        <SaldoMa>-0.00</SaldoMa>
    </ZOiS>

    <ZOiS  typ="G" >
        <KodKonta>760-25</KodKonta>
        <OpisKonta>ROZWIĄZ.REZERWY NA NALEŻ.KUP</OpisKonta>
        <TypKonta>bilansowe</TypKonta>
        <KodZespolu>7</KodZespolu>
        <OpisZespolu>ROZWIĄZ.RE</OpisZespolu>
        <KodKategorii>kodk</KodKategorii>
        <OpisKategorii>opisk</OpisKategorii>
        <BilansOtwarciaWinien>0.00</BilansOtwarciaWinien>
        <BilansOtwarciaMa>0.00</BilansOtwarciaMa>
        <ObrotyWinien>0.00</ObrotyWinien>
        <ObrotyMa>0.00</ObrotyMa>
        <ObrotyWinienNarast>0.00</ObrotyWinienNarast>
        <ObrotyMaNarast>0.00</ObrotyMaNarast>
        <SaldoWinien>0.00</SaldoWinien>
        <SaldoMa>-0.00</SaldoMa>
    </ZOiS>

    <ZOiS  typ="G" >
        <KodKonta>760-26</KodKonta>
        <OpisKonta>ZWROT NALEŻNOŚCI BUDŻETOW.</OpisKonta>
        <TypKonta>bilansowe</TypKonta>
        <KodZespolu>7</KodZespolu>
        <OpisZespolu>ZWROT NALE</OpisZespolu>
        <KodKategorii>kodk</KodKategorii>
        <OpisKategorii>opisk</OpisKategorii>
        <BilansOtwarciaWinien>0.00</BilansOtwarciaWinien>
        <BilansOtwarciaMa>0.00</BilansOtwarciaMa>
        <ObrotyWinien>0.00</ObrotyWinien>
        <ObrotyMa>0.00</ObrotyMa>
        <ObrotyWinienNarast>0.00</ObrotyWinienNarast>
        <ObrotyMaNarast>0.00</ObrotyMaNarast>
        <SaldoWinien>0.00</SaldoWinien>
        <SaldoMa>-0.00</SaldoMa>
    </ZOiS>

    <ZOiS  typ="G" >
        <KodKonta>760-30</KodKonta>
        <OpisKonta>POZOSTAŁA SPRZEDAŻ            </OpisKonta>
        <TypKonta>bilansowe</TypKonta>
        <KodZespolu>7</KodZespolu>
        <OpisZespolu>POZOSTAŁA </OpisZespolu>
        <KodKategorii>kodk</KodKategorii>
        <OpisKategorii>opisk</OpisKategorii>
        <BilansOtwarciaWinien>0.00</BilansOtwarciaWinien>
        <BilansOtwarciaMa>0.00</BilansOtwarciaMa>
        <ObrotyWinien>0.00</ObrotyWinien>
        <ObrotyMa>0.00</ObrotyMa>
        <ObrotyWinienNarast>0.00</ObrotyWinienNarast>
        <ObrotyMaNarast>0.00</ObrotyMaNarast>
        <SaldoWinien>0.00</SaldoWinien>
        <SaldoMa>-0.00</SaldoMa>
    </ZOiS>

    <ZOiS  typ="G" >
        <KodKonta>760-40</KodKonta>
        <OpisKonta>POZOST.PRZYCH.OPER.ZWROT UBEZP</OpisKonta>
        <TypKonta>bilansowe</TypKonta>
        <KodZespolu>7</KodZespolu>
        <OpisZespolu>POZOST.PRZ</OpisZespolu>
        <KodKategorii>kodk</KodKategorii>
        <OpisKategorii>opisk</OpisKategorii>
        <BilansOtwarciaWinien>0.00</BilansOtwarciaWinien>
        <BilansOtwarciaMa>0.00</BilansOtwarciaMa>
        <ObrotyWinien>0.00</ObrotyWinien>
        <ObrotyMa>0.00</ObrotyMa>
        <ObrotyWinienNarast>0.00</ObrotyWinienNarast>
        <ObrotyMaNarast>0.00</ObrotyMaNarast>
        <SaldoWinien>0.00</SaldoWinien>
        <SaldoMa>-0.00</SaldoMa>
    </ZOiS>

    <ZOiS  typ="G" >
        <KodKonta>760-50</KodKonta>
        <OpisKonta>ROZWIĄZ.REZERWY NA NALEŻ.</OpisKonta>
        <TypKonta>bilansowe</TypKonta>
        <KodZespolu>7</KodZespolu>
        <OpisZespolu>ROZWIĄZ.RE</OpisZespolu>
        <KodKategorii>kodk</KodKategorii>
        <OpisKategorii>opisk</OpisKategorii>
        <BilansOtwarciaWinien>0.00</BilansOtwarciaWinien>
        <BilansOtwarciaMa>0.00</BilansOtwarciaMa>
        <ObrotyWinien>0.00</ObrotyWinien>
        <ObrotyMa>0.00</ObrotyMa>
        <ObrotyWinienNarast>0.00</ObrotyWinienNarast>
        <ObrotyMaNarast>0.00</ObrotyMaNarast>
        <SaldoWinien>0.00</SaldoWinien>
        <SaldoMa>-0.00</SaldoMa>
    </ZOiS>

    <ZOiS  typ="G" >
        <KodKonta>760-60</KodKonta>
        <OpisKonta>ODPISANIE PRZEDAWNIONYCH</OpisKonta>
        <TypKonta>bilansowe</TypKonta>
        <KodZespolu>7</KodZespolu>
        <OpisZespolu>ODPISANIE </OpisZespolu>
        <KodKategorii>kodk</KodKategorii>
        <OpisKategorii>opisk</OpisKategorii>
        <BilansOtwarciaWinien>0.00</BilansOtwarciaWinien>
        <BilansOtwarciaMa>0.00</BilansOtwarciaMa>
        <ObrotyWinien>0.00</ObrotyWinien>
        <ObrotyMa>0.00</ObrotyMa>
        <ObrotyWinienNarast>0.00</ObrotyWinienNarast>
        <ObrotyMaNarast>0.00</ObrotyMaNarast>
        <SaldoWinien>0.00</SaldoWinien>
        <SaldoMa>-0.00</SaldoMa>
    </ZOiS>

    <ZOiS  typ="G" >
        <KodKonta>760-70</KodKonta>
        <OpisKonta>ZWROT KOSZTÓW POSTĘPO.SPORNEGO</OpisKonta>
        <TypKonta>bilansowe</TypKonta>
        <KodZespolu>7</KodZespolu>
        <OpisZespolu>ZWROT KOSZ</OpisZespolu>
        <KodKategorii>kodk</KodKategorii>
        <OpisKategorii>opisk</OpisKategorii>
        <BilansOtwarciaWinien>0.00</BilansOtwarciaWinien>
        <BilansOtwarciaMa>0.00</BilansOtwarciaMa>
        <ObrotyWinien>0.00</ObrotyWinien>
        <ObrotyMa>0.00</ObrotyMa>
        <ObrotyWinienNarast>0.00</ObrotyWinienNarast>
        <ObrotyMaNarast>0.00</ObrotyMaNarast>
        <SaldoWinien>0.00</SaldoWinien>
        <SaldoMa>-0.00</SaldoMa>
    </ZOiS>

    <ZOiS  typ="G" >
        <KodKonta>760-80</KodKonta>
        <OpisKonta>ROCZNA KOREKTA VAT</OpisKonta>
        <TypKonta>bilansowe</TypKonta>
        <KodZespolu>7</KodZespolu>
        <OpisZespolu>ROCZNA KOR</OpisZespolu>
        <KodKategorii>kodk</KodKategorii>
        <OpisKategorii>opisk</OpisKategorii>
        <BilansOtwarciaWinien>0.00</BilansOtwarciaWinien>
        <BilansOtwarciaMa>0.00</BilansOtwarciaMa>
        <ObrotyWinien>0.00</ObrotyWinien>
        <ObrotyMa>0.00</ObrotyMa>
        <ObrotyWinienNarast>0.00</ObrotyWinienNarast>
        <ObrotyMaNarast>0.00</ObrotyMaNarast>
        <SaldoWinien>0.00</SaldoWinien>
        <SaldoMa>-0.00</SaldoMa>
    </ZOiS>

    <ZOiS  typ="G" >
        <KodKonta>761</KodKonta>
        <OpisKonta>POZOSTAŁE KOSZTY OPERACYJNE   </OpisKonta>
        <TypKonta>bilansowe</TypKonta>
        <KodZespolu>7</KodZespolu>
        <OpisZespolu>POZOSTAŁE </OpisZespolu>
        <KodKategorii>kodk</KodKategorii>
        <OpisKategorii>opisk</OpisKategorii>
        <BilansOtwarciaWinien>0.00</BilansOtwarciaWinien>
        <BilansOtwarciaMa>0.00</BilansOtwarciaMa>
        <ObrotyWinien>0.00</ObrotyWinien>
        <ObrotyMa>0.00</ObrotyMa>
        <ObrotyWinienNarast>0.00</ObrotyWinienNarast>
        <ObrotyMaNarast>0.00</ObrotyMaNarast>
        <SaldoWinien>0.00</SaldoWinien>
        <SaldoMa>-0.00</SaldoMa>
    </ZOiS>

    <ZOiS  typ="G" >
        <KodKonta>761-01</KodKonta>
        <OpisKonta>POZOSTAŁE KOSZTY OPERACYJNE</OpisKonta>
        <TypKonta>bilansowe</TypKonta>
        <KodZespolu>7</KodZespolu>
        <OpisZespolu>POZOSTAŁE </OpisZespolu>
        <KodKategorii>kodk</KodKategorii>
        <OpisKategorii>opisk</OpisKategorii>
        <BilansOtwarciaWinien>0.00</BilansOtwarciaWinien>
        <BilansOtwarciaMa>0.00</BilansOtwarciaMa>
        <ObrotyWinien>0.00</ObrotyWinien>
        <ObrotyMa>0.00</ObrotyMa>
        <ObrotyWinienNarast>0.00</ObrotyWinienNarast>
        <ObrotyMaNarast>0.00</ObrotyMaNarast>
        <SaldoWinien>0.00</SaldoWinien>
        <SaldoMa>-0.00</SaldoMa>
    </ZOiS>

    <ZOiS  typ="G" >
        <KodKonta>761-02</KodKonta>
        <OpisKonta>POZOSTAŁE KOSZTY OPERACY.</OpisKonta>
        <TypKonta>bilansowe</TypKonta>
        <KodZespolu>7</KodZespolu>
        <OpisZespolu>POZOSTAŁE </OpisZespolu>
        <KodKategorii>kodk</KodKategorii>
        <OpisKategorii>opisk</OpisKategorii>
        <BilansOtwarciaWinien>0.00</BilansOtwarciaWinien>
        <BilansOtwarciaMa>0.00</BilansOtwarciaMa>
        <ObrotyWinien>0.00</ObrotyWinien>
        <ObrotyMa>0.00</ObrotyMa>
        <ObrotyWinienNarast>0.00</ObrotyWinienNarast>
        <ObrotyMaNarast>0.00</ObrotyMaNarast>
        <SaldoWinien>0.00</SaldoWinien>
        <SaldoMa>-0.00</SaldoMa>
    </ZOiS>

    <ZOiS  typ="G" >
        <KodKonta>761-09</KodKonta>
        <OpisKonta>POZ.KOSZ.OPER.NKUP</OpisKonta>
        <TypKonta>bilansowe</TypKonta>
        <KodZespolu>7</KodZespolu>
        <OpisZespolu>POZ.KOSZ.O</OpisZespolu>
        <KodKategorii>kodk</KodKategorii>
        <OpisKategorii>opisk</OpisKategorii>
        <BilansOtwarciaWinien>0.00</BilansOtwarciaWinien>
        <BilansOtwarciaMa>0.00</BilansOtwarciaMa>
        <ObrotyWinien>0.00</ObrotyWinien>
        <ObrotyMa>0.00</ObrotyMa>
        <ObrotyWinienNarast>0.00</ObrotyWinienNarast>
        <ObrotyMaNarast>0.00</ObrotyMaNarast>
        <SaldoWinien>0.00</SaldoWinien>
        <SaldoMa>-0.00</SaldoMa>
    </ZOiS>

    <ZOiS  typ="G" >
        <KodKonta>761-10</KodKonta>
        <OpisKonta>KOSZT SPRZEDŻY ŚRODKÓW</OpisKonta>
        <TypKonta>bilansowe</TypKonta>
        <KodZespolu>7</KodZespolu>
        <OpisZespolu>KOSZT SPRZ</OpisZespolu>
        <KodKategorii>kodk</KodKategorii>
        <OpisKategorii>opisk</OpisKategorii>
        <BilansOtwarciaWinien>0.00</BilansOtwarciaWinien>
        <BilansOtwarciaMa>0.00</BilansOtwarciaMa>
        <ObrotyWinien>0.00</ObrotyWinien>
        <ObrotyMa>0.00</ObrotyMa>
        <ObrotyWinienNarast>0.00</ObrotyWinienNarast>
        <ObrotyMaNarast>0.00</ObrotyMaNarast>
        <SaldoWinien>0.00</SaldoWinien>
        <SaldoMa>-0.00</SaldoMa>
    </ZOiS>

    <ZOiS  typ="G" >
        <KodKonta>761-20</KodKonta>
        <OpisKonta>DAROWIZNY NA CELE USTAWOWE    </OpisKonta>
        <TypKonta>bilansowe</TypKonta>
        <KodZespolu>7</KodZespolu>
        <OpisZespolu>DAROWIZNY </OpisZespolu>
        <KodKategorii>kodk</KodKategorii>
        <OpisKategorii>opisk</OpisKategorii>
        <BilansOtwarciaWinien>0.00</BilansOtwarciaWinien>
        <BilansOtwarciaMa>0.00</BilansOtwarciaMa>
        <ObrotyWinien>0.00</ObrotyWinien>
        <ObrotyMa>0.00</ObrotyMa>
        <ObrotyWinienNarast>0.00</ObrotyWinienNarast>
        <ObrotyMaNarast>0.00</ObrotyMaNarast>
        <SaldoWinien>0.00</SaldoWinien>
        <SaldoMa>-0.00</SaldoMa>
    </ZOiS>

    <ZOiS  typ="G" >
        <KodKonta>761-25</KodKonta>
        <OpisKonta>AKTUALIZACJA</OpisKonta>
        <TypKonta>bilansowe</TypKonta>
        <KodZespolu>7</KodZespolu>
        <OpisZespolu>AKTUALIZAC</OpisZespolu>
        <KodKategorii>kodk</KodKategorii>
        <OpisKategorii>opisk</OpisKategorii>
        <BilansOtwarciaWinien>0.00</BilansOtwarciaWinien>
        <BilansOtwarciaMa>0.00</BilansOtwarciaMa>
        <ObrotyWinien>0.00</ObrotyWinien>
        <ObrotyMa>0.00</ObrotyMa>
        <ObrotyWinienNarast>0.00</ObrotyWinienNarast>
        <ObrotyMaNarast>0.00</ObrotyMaNarast>
        <SaldoWinien>0.00</SaldoWinien>
        <SaldoMa>-0.00</SaldoMa>
    </ZOiS>

    <ZOiS  typ="G" >
        <KodKonta>761-30</KodKonta>
        <OpisKonta>KOSZTY POZOSTAŁEJ SPRZEDAŻY   </OpisKonta>
        <TypKonta>bilansowe</TypKonta>
        <KodZespolu>7</KodZespolu>
        <OpisZespolu>KOSZTY POZ</OpisZespolu>
        <KodKategorii>kodk</KodKategorii>
        <OpisKategorii>opisk</OpisKategorii>
        <BilansOtwarciaWinien>0.00</BilansOtwarciaWinien>
        <BilansOtwarciaMa>0.00</BilansOtwarciaMa>
        <ObrotyWinien>0.00</ObrotyWinien>
        <ObrotyMa>0.00</ObrotyMa>
        <ObrotyWinienNarast>0.00</ObrotyWinienNarast>
        <ObrotyMaNarast>0.00</ObrotyMaNarast>
        <SaldoWinien>0.00</SaldoWinien>
        <SaldoMa>-0.00</SaldoMa>
    </ZOiS>

    <ZOiS  typ="G" >
        <KodKonta>761-40</KodKonta>
        <OpisKonta>NIEZAWININE NIEDOBORY,</OpisKonta>
        <TypKonta>bilansowe</TypKonta>
        <KodZespolu>7</KodZespolu>
        <OpisZespolu>NIEZAWININ</OpisZespolu>
        <KodKategorii>kodk</KodKategorii>
        <OpisKategorii>opisk</OpisKategorii>
        <BilansOtwarciaWinien>0.00</BilansOtwarciaWinien>
        <BilansOtwarciaMa>0.00</BilansOtwarciaMa>
        <ObrotyWinien>0.00</ObrotyWinien>
        <ObrotyMa>0.00</ObrotyMa>
        <ObrotyWinienNarast>0.00</ObrotyWinienNarast>
        <ObrotyMaNarast>0.00</ObrotyMaNarast>
        <SaldoWinien>0.00</SaldoWinien>
        <SaldoMa>-0.00</SaldoMa>
    </ZOiS>

    <ZOiS  typ="G" >
        <KodKonta>761-45</KodKonta>
        <OpisKonta>POZOSTAŁE KOSZTY OPERACYJNE</OpisKonta>
        <TypKonta>bilansowe</TypKonta>
        <KodZespolu>7</KodZespolu>
        <OpisZespolu>POZOSTAŁE </OpisZespolu>
        <KodKategorii>kodk</KodKategorii>
        <OpisKategorii>opisk</OpisKategorii>
        <BilansOtwarciaWinien>0.00</BilansOtwarciaWinien>
        <BilansOtwarciaMa>0.00</BilansOtwarciaMa>
        <ObrotyWinien>0.00</ObrotyWinien>
        <ObrotyMa>0.00</ObrotyMa>
        <ObrotyWinienNarast>0.00</ObrotyWinienNarast>
        <ObrotyMaNarast>0.00</ObrotyMaNarast>
        <SaldoWinien>0.00</SaldoWinien>
        <SaldoMa>-0.00</SaldoMa>
    </ZOiS>

    <ZOiS  typ="G" >
        <KodKonta>761-50</KodKonta>
        <OpisKonta>PRZEDAWNIONE,UMORZ. NALEŻNOŚCI</OpisKonta>
        <TypKonta>bilansowe</TypKonta>
        <KodZespolu>7</KodZespolu>
        <OpisZespolu>PRZEDAWNIO</OpisZespolu>
        <KodKategorii>kodk</KodKategorii>
        <OpisKategorii>opisk</OpisKategorii>
        <BilansOtwarciaWinien>0.00</BilansOtwarciaWinien>
        <BilansOtwarciaMa>0.00</BilansOtwarciaMa>
        <ObrotyWinien>0.00</ObrotyWinien>
        <ObrotyMa>0.00</ObrotyMa>
        <ObrotyWinienNarast>0.00</ObrotyWinienNarast>
        <ObrotyMaNarast>0.00</ObrotyMaNarast>
        <SaldoWinien>0.00</SaldoWinien>
        <SaldoMa>-0.00</SaldoMa>
    </ZOiS>

    <ZOiS  typ="G" >
        <KodKonta>761-55</KodKonta>
        <OpisKonta>AKTUALIZACJA</OpisKonta>
        <TypKonta>bilansowe</TypKonta>
        <KodZespolu>7</KodZespolu>
        <OpisZespolu>AKTUALIZAC</OpisZespolu>
        <KodKategorii>kodk</KodKategorii>
        <OpisKategorii>opisk</OpisKategorii>
        <BilansOtwarciaWinien>0.00</BilansOtwarciaWinien>
        <BilansOtwarciaMa>0.00</BilansOtwarciaMa>
        <ObrotyWinien>0.00</ObrotyWinien>
        <ObrotyMa>0.00</ObrotyMa>
        <ObrotyWinienNarast>0.00</ObrotyWinienNarast>
        <ObrotyMaNarast>0.00</ObrotyMaNarast>
        <SaldoWinien>0.00</SaldoWinien>
        <SaldoMa>-0.00</SaldoMa>
    </ZOiS>

    <ZOiS  typ="G" >
        <KodKonta>761-60</KodKonta>
        <OpisKonta>AKTUALIZACJA</OpisKonta>
        <TypKonta>bilansowe</TypKonta>
        <KodZespolu>7</KodZespolu>
        <OpisZespolu>AKTUALIZAC</OpisZespolu>
        <KodKategorii>kodk</KodKategorii>
        <OpisKategorii>opisk</OpisKategorii>
        <BilansOtwarciaWinien>0.00</BilansOtwarciaWinien>
        <BilansOtwarciaMa>0.00</BilansOtwarciaMa>
        <ObrotyWinien>0.00</ObrotyWinien>
        <ObrotyMa>0.00</ObrotyMa>
        <ObrotyWinienNarast>0.00</ObrotyWinienNarast>
        <ObrotyMaNarast>0.00</ObrotyMaNarast>
        <SaldoWinien>0.00</SaldoWinien>
        <SaldoMa>-0.00</SaldoMa>
    </ZOiS>

    <ZOiS  typ="G" >
        <KodKonta>761-70</KodKonta>
        <OpisKonta>KOSZTY POSTĘPOWANIA SPORNEGO</OpisKonta>
        <TypKonta>bilansowe</TypKonta>
        <KodZespolu>7</KodZespolu>
        <OpisZespolu>KOSZTY POS</OpisZespolu>
        <KodKategorii>kodk</KodKategorii>
        <OpisKategorii>opisk</OpisKategorii>
        <BilansOtwarciaWinien>0.00</BilansOtwarciaWinien>
        <BilansOtwarciaMa>0.00</BilansOtwarciaMa>
        <ObrotyWinien>0.00</ObrotyWinien>
        <ObrotyMa>0.00</ObrotyMa>
        <ObrotyWinienNarast>0.00</ObrotyWinienNarast>
        <ObrotyMaNarast>0.00</ObrotyMaNarast>
        <SaldoWinien>0.00</SaldoWinien>
        <SaldoMa>-0.00</SaldoMa>
    </ZOiS>

    <ZOiS  typ="G" >
        <KodKonta>761-75</KodKonta>
        <OpisKonta>K-TY POSTĘPOWANIA SPORNEGO KUP</OpisKonta>
        <TypKonta>bilansowe</TypKonta>
        <KodZespolu>7</KodZespolu>
        <OpisZespolu>K-TY POSTĘ</OpisZespolu>
        <KodKategorii>kodk</KodKategorii>
        <OpisKategorii>opisk</OpisKategorii>
        <BilansOtwarciaWinien>0.00</BilansOtwarciaWinien>
        <BilansOtwarciaMa>0.00</BilansOtwarciaMa>
        <ObrotyWinien>0.00</ObrotyWinien>
        <ObrotyMa>0.00</ObrotyMa>
        <ObrotyWinienNarast>0.00</ObrotyWinienNarast>
        <ObrotyMaNarast>0.00</ObrotyMaNarast>
        <SaldoWinien>0.00</SaldoWinien>
        <SaldoMa>-0.00</SaldoMa>
    </ZOiS>

    <ZOiS  typ="G" >
        <KodKonta>761-80</KodKonta>
        <OpisKonta>KOREKTY ZAPASÓW - USZKODZENIA</OpisKonta>
        <TypKonta>bilansowe</TypKonta>
        <KodZespolu>7</KodZespolu>
        <OpisZespolu>KOREKTY ZA</OpisZespolu>
        <KodKategorii>kodk</KodKategorii>
        <OpisKategorii>opisk</OpisKategorii>
        <BilansOtwarciaWinien>0.00</BilansOtwarciaWinien>
        <BilansOtwarciaMa>0.00</BilansOtwarciaMa>
        <ObrotyWinien>0.00</ObrotyWinien>
        <ObrotyMa>0.00</ObrotyMa>
        <ObrotyWinienNarast>0.00</ObrotyWinienNarast>
        <ObrotyMaNarast>0.00</ObrotyMaNarast>
        <SaldoWinien>0.00</SaldoWinien>
        <SaldoMa>-0.00</SaldoMa>
    </ZOiS>

    <ZOiS  typ="G" >
        <KodKonta>761-85</KodKonta>
        <OpisKonta>ROCZNA KOREKTA VAT</OpisKonta>
        <TypKonta>bilansowe</TypKonta>
        <KodZespolu>7</KodZespolu>
        <OpisZespolu>ROCZNA KOR</OpisZespolu>
        <KodKategorii>kodk</KodKategorii>
        <OpisKategorii>opisk</OpisKategorii>
        <BilansOtwarciaWinien>0.00</BilansOtwarciaWinien>
        <BilansOtwarciaMa>0.00</BilansOtwarciaMa>
        <ObrotyWinien>0.00</ObrotyWinien>
        <ObrotyMa>0.00</ObrotyMa>
        <ObrotyWinienNarast>0.00</ObrotyWinienNarast>
        <ObrotyMaNarast>0.00</ObrotyMaNarast>
        <SaldoWinien>0.00</SaldoWinien>
        <SaldoMa>-0.00</SaldoMa>
    </ZOiS>

    <ZOiS  typ="G" >
        <KodKonta>770</KodKonta>
        <OpisKonta>ZYSKI NADZWYCZAJNE            </OpisKonta>
        <TypKonta>bilansowe</TypKonta>
        <KodZespolu>7</KodZespolu>
        <OpisZespolu>ZYSKI NADZ</OpisZespolu>
        <KodKategorii>kodk</KodKategorii>
        <OpisKategorii>opisk</OpisKategorii>
        <BilansOtwarciaWinien>0.00</BilansOtwarciaWinien>
        <BilansOtwarciaMa>0.00</BilansOtwarciaMa>
        <ObrotyWinien>0.00</ObrotyWinien>
        <ObrotyMa>0.00</ObrotyMa>
        <ObrotyWinienNarast>0.00</ObrotyWinienNarast>
        <ObrotyMaNarast>0.00</ObrotyMaNarast>
        <SaldoWinien>0.00</SaldoWinien>
        <SaldoMa>-0.00</SaldoMa>
    </ZOiS>

    <ZOiS  typ="G" >
        <KodKonta>770-01</KodKonta>
        <OpisKonta>ZYSKI NADZWYCZAJNE - POZOSTAŁE</OpisKonta>
        <TypKonta>bilansowe</TypKonta>
        <KodZespolu>7</KodZespolu>
        <OpisZespolu>ZYSKI NADZ</OpisZespolu>
        <KodKategorii>kodk</KodKategorii>
        <OpisKategorii>opisk</OpisKategorii>
        <BilansOtwarciaWinien>0.00</BilansOtwarciaWinien>
        <BilansOtwarciaMa>0.00</BilansOtwarciaMa>
        <ObrotyWinien>0.00</ObrotyWinien>
        <ObrotyMa>0.00</ObrotyMa>
        <ObrotyWinienNarast>0.00</ObrotyWinienNarast>
        <ObrotyMaNarast>0.00</ObrotyMaNarast>
        <SaldoWinien>0.00</SaldoWinien>
        <SaldoMa>-0.00</SaldoMa>
    </ZOiS>

    <ZOiS  typ="G" >
        <KodKonta>770-03</KodKonta>
        <OpisKonta>SKUTKI POSTĘPOWANIA UKŁADOWEGO</OpisKonta>
        <TypKonta>bilansowe</TypKonta>
        <KodZespolu>7</KodZespolu>
        <OpisZespolu>SKUTKI POS</OpisZespolu>
        <KodKategorii>kodk</KodKategorii>
        <OpisKategorii>opisk</OpisKategorii>
        <BilansOtwarciaWinien>0.00</BilansOtwarciaWinien>
        <BilansOtwarciaMa>0.00</BilansOtwarciaMa>
        <ObrotyWinien>0.00</ObrotyWinien>
        <ObrotyMa>0.00</ObrotyMa>
        <ObrotyWinienNarast>0.00</ObrotyWinienNarast>
        <ObrotyMaNarast>0.00</ObrotyMaNarast>
        <SaldoWinien>0.00</SaldoWinien>
        <SaldoMa>-0.00</SaldoMa>
    </ZOiS>

    <ZOiS  typ="G" >
        <KodKonta>771</KodKonta>
        <OpisKonta>STRATY NADZWYCZAJNE W KOSZTY  </OpisKonta>
        <TypKonta>bilansowe</TypKonta>
        <KodZespolu>7</KodZespolu>
        <OpisZespolu>STRATY NAD</OpisZespolu>
        <KodKategorii>kodk</KodKategorii>
        <OpisKategorii>opisk</OpisKategorii>
        <BilansOtwarciaWinien>0.00</BilansOtwarciaWinien>
        <BilansOtwarciaMa>0.00</BilansOtwarciaMa>
        <ObrotyWinien>0.00</ObrotyWinien>
        <ObrotyMa>0.00</ObrotyMa>
        <ObrotyWinienNarast>0.00</ObrotyWinienNarast>
        <ObrotyMaNarast>0.00</ObrotyMaNarast>
        <SaldoWinien>0.00</SaldoWinien>
        <SaldoMa>-0.00</SaldoMa>
    </ZOiS>

    <ZOiS  typ="G" >
        <KodKonta>771-01</KodKonta>
        <OpisKonta>INNE STRATY NADZWYCZ.W KOSZTY </OpisKonta>
        <TypKonta>bilansowe</TypKonta>
        <KodZespolu>7</KodZespolu>
        <OpisZespolu>INNE STRAT</OpisZespolu>
        <KodKategorii>kodk</KodKategorii>
        <OpisKategorii>opisk</OpisKategorii>
        <BilansOtwarciaWinien>0.00</BilansOtwarciaWinien>
        <BilansOtwarciaMa>0.00</BilansOtwarciaMa>
        <ObrotyWinien>0.00</ObrotyWinien>
        <ObrotyMa>0.00</ObrotyMa>
        <ObrotyWinienNarast>0.00</ObrotyWinienNarast>
        <ObrotyMaNarast>0.00</ObrotyMaNarast>
        <SaldoWinien>0.00</SaldoWinien>
        <SaldoMa>-0.00</SaldoMa>
    </ZOiS>

    <ZOiS  typ="G" >
        <KodKonta>771-02</KodKonta>
        <OpisKonta>SKUTKI KRADZIEŻY, POŻARU ITP.</OpisKonta>
        <TypKonta>bilansowe</TypKonta>
        <KodZespolu>7</KodZespolu>
        <OpisZespolu>SKUTKI KRA</OpisZespolu>
        <KodKategorii>kodk</KodKategorii>
        <OpisKategorii>opisk</OpisKategorii>
        <BilansOtwarciaWinien>0.00</BilansOtwarciaWinien>
        <BilansOtwarciaMa>0.00</BilansOtwarciaMa>
        <ObrotyWinien>0.00</ObrotyWinien>
        <ObrotyMa>0.00</ObrotyMa>
        <ObrotyWinienNarast>0.00</ObrotyWinienNarast>
        <ObrotyMaNarast>0.00</ObrotyMaNarast>
        <SaldoWinien>0.00</SaldoWinien>
        <SaldoMa>-0.00</SaldoMa>
    </ZOiS>

    <ZOiS  typ="G" >
        <KodKonta>771-03</KodKonta>
        <OpisKonta>SKUTKI POSTĘPOWANIA UKŁADOWEGO</OpisKonta>
        <TypKonta>bilansowe</TypKonta>
        <KodZespolu>7</KodZespolu>
        <OpisZespolu>SKUTKI POS</OpisZespolu>
        <KodKategorii>kodk</KodKategorii>
        <OpisKategorii>opisk</OpisKategorii>
        <BilansOtwarciaWinien>0.00</BilansOtwarciaWinien>
        <BilansOtwarciaMa>0.00</BilansOtwarciaMa>
        <ObrotyWinien>0.00</ObrotyWinien>
        <ObrotyMa>0.00</ObrotyMa>
        <ObrotyWinienNarast>0.00</ObrotyWinienNarast>
        <ObrotyMaNarast>0.00</ObrotyMaNarast>
        <SaldoWinien>0.00</SaldoWinien>
        <SaldoMa>-0.00</SaldoMa>
    </ZOiS>

    <ZOiS  typ="G" >
        <KodKonta>771-05</KodKonta>
        <OpisKonta>STRATY NADZWYCZ. - NIE KOSZTY </OpisKonta>
        <TypKonta>bilansowe</TypKonta>
        <KodZespolu>7</KodZespolu>
        <OpisZespolu>STRATY NAD</OpisZespolu>
        <KodKategorii>kodk</KodKategorii>
        <OpisKategorii>opisk</OpisKategorii>
        <BilansOtwarciaWinien>0.00</BilansOtwarciaWinien>
        <BilansOtwarciaMa>0.00</BilansOtwarciaMa>
        <ObrotyWinien>0.00</ObrotyWinien>
        <ObrotyMa>0.00</ObrotyMa>
        <ObrotyWinienNarast>0.00</ObrotyWinienNarast>
        <ObrotyMaNarast>0.00</ObrotyMaNarast>
        <SaldoWinien>0.00</SaldoWinien>
        <SaldoMa>-0.00</SaldoMa>
    </ZOiS>

    <ZOiS  typ="G" >
        <KodKonta>801</KodKonta>
        <OpisKonta>KAPITAŁ WŁAŚCICIELA</OpisKonta>
        <TypKonta>bilansowe</TypKonta>
        <KodZespolu>8</KodZespolu>
        <OpisZespolu>KAPITAŁ WŁ</OpisZespolu>
        <KodKategorii>kodk</KodKategorii>
        <OpisKategorii>opisk</OpisKategorii>
        <BilansOtwarciaWinien>0.00</BilansOtwarciaWinien>
        <BilansOtwarciaMa>0.00</BilansOtwarciaMa>
        <ObrotyWinien>0.00</ObrotyWinien>
        <ObrotyMa>0.00</ObrotyMa>
        <ObrotyWinienNarast>0.00</ObrotyWinienNarast>
        <ObrotyMaNarast>0.00</ObrotyMaNarast>
        <SaldoWinien>0.00</SaldoWinien>
        <SaldoMa>-0.00</SaldoMa>
    </ZOiS>

    <ZOiS  typ="G" >
        <KodKonta>801-01</KodKonta>
        <OpisKonta>KAPITAŁ WŁAŚCICIELA</OpisKonta>
        <TypKonta>bilansowe</TypKonta>
        <KodZespolu>8</KodZespolu>
        <OpisZespolu>KAPITAŁ WŁ</OpisZespolu>
        <KodKategorii>kodk</KodKategorii>
        <OpisKategorii>opisk</OpisKategorii>
        <BilansOtwarciaWinien>0.00</BilansOtwarciaWinien>
        <BilansOtwarciaMa>0.00</BilansOtwarciaMa>
        <ObrotyWinien>0.00</ObrotyWinien>
        <ObrotyMa>0.00</ObrotyMa>
        <ObrotyWinienNarast>0.00</ObrotyWinienNarast>
        <ObrotyMaNarast>0.00</ObrotyMaNarast>
        <SaldoWinien>0.00</SaldoWinien>
        <SaldoMa>-0.00</SaldoMa>
    </ZOiS>

    <ZOiS  typ="G" >
        <KodKonta>801-02</KodKonta>
        <OpisKonta>KAPITAŁ WŁAŚCICIELA</OpisKonta>
        <TypKonta>bilansowe</TypKonta>
        <KodZespolu>8</KodZespolu>
        <OpisZespolu>KAPITAŁ WŁ</OpisZespolu>
        <KodKategorii>kodk</KodKategorii>
        <OpisKategorii>opisk</OpisKategorii>
        <BilansOtwarciaWinien>0.00</BilansOtwarciaWinien>
        <BilansOtwarciaMa>0.00</BilansOtwarciaMa>
        <ObrotyWinien>0.00</ObrotyWinien>
        <ObrotyMa>0.00</ObrotyMa>
        <ObrotyWinienNarast>0.00</ObrotyWinienNarast>
        <ObrotyMaNarast>0.00</ObrotyMaNarast>
        <SaldoWinien>0.00</SaldoWinien>
        <SaldoMa>-0.00</SaldoMa>
    </ZOiS>

    <ZOiS  typ="G" >
        <KodKonta>802</KodKonta>
        <OpisKonta>KAPITAŁ ZAKŁADOWY             </OpisKonta>
        <TypKonta>bilansowe</TypKonta>
        <KodZespolu>8</KodZespolu>
        <OpisZespolu>KAPITAŁ ZA</OpisZespolu>
        <KodKategorii>kodk</KodKategorii>
        <OpisKategorii>opisk</OpisKategorii>
        <BilansOtwarciaWinien>0.00</BilansOtwarciaWinien>
        <BilansOtwarciaMa>50000.00</BilansOtwarciaMa>
        <ObrotyWinien>0.00</ObrotyWinien>
        <ObrotyMa>0.00</ObrotyMa>
        <ObrotyWinienNarast>0.00</ObrotyWinienNarast>
        <ObrotyMaNarast>0.00</ObrotyMaNarast>
        <SaldoWinien>0.00</SaldoWinien>
        <SaldoMa>50000.00</SaldoMa>
    </ZOiS>

    <ZOiS  typ="G" >
        <KodKonta>802-01</KodKonta>
        <OpisKonta>KAPITAŁ ZAKŁADOWY</OpisKonta>
        <TypKonta>bilansowe</TypKonta>
        <KodZespolu>8</KodZespolu>
        <OpisZespolu>KAPITAŁ ZA</OpisZespolu>
        <KodKategorii>kodk</KodKategorii>
        <OpisKategorii>opisk</OpisKategorii>
        <BilansOtwarciaWinien>0.00</BilansOtwarciaWinien>
        <BilansOtwarciaMa>50000.00</BilansOtwarciaMa>
        <ObrotyWinien>0.00</ObrotyWinien>
        <ObrotyMa>0.00</ObrotyMa>
        <ObrotyWinienNarast>0.00</ObrotyWinienNarast>
        <ObrotyMaNarast>0.00</ObrotyMaNarast>
        <SaldoWinien>0.00</SaldoWinien>
        <SaldoMa>50000.00</SaldoMa>
    </ZOiS>

    <ZOiS  typ="G" >
        <KodKonta>803</KodKonta>
        <OpisKonta>FUNDUSZ ZAŁOŻYCIELSKI         </OpisKonta>
        <TypKonta>bilansowe</TypKonta>
        <KodZespolu>8</KodZespolu>
        <OpisZespolu>FUNDUSZ ZA</OpisZespolu>
        <KodKategorii>kodk</KodKategorii>
        <OpisKategorii>opisk</OpisKategorii>
        <BilansOtwarciaWinien>0.00</BilansOtwarciaWinien>
        <BilansOtwarciaMa>0.00</BilansOtwarciaMa>
        <ObrotyWinien>0.00</ObrotyWinien>
        <ObrotyMa>0.00</ObrotyMa>
        <ObrotyWinienNarast>0.00</ObrotyWinienNarast>
        <ObrotyMaNarast>0.00</ObrotyMaNarast>
        <SaldoWinien>0.00</SaldoWinien>
        <SaldoMa>-0.00</SaldoMa>
    </ZOiS>

    <ZOiS  typ="G" >
        <KodKonta>803-01</KodKonta>
        <OpisKonta>FUNDUSZ ZAŁOŻYCIELSKI</OpisKonta>
        <TypKonta>bilansowe</TypKonta>
        <KodZespolu>8</KodZespolu>
        <OpisZespolu>FUNDUSZ ZA</OpisZespolu>
        <KodKategorii>kodk</KodKategorii>
        <OpisKategorii>opisk</OpisKategorii>
        <BilansOtwarciaWinien>0.00</BilansOtwarciaWinien>
        <BilansOtwarciaMa>0.00</BilansOtwarciaMa>
        <ObrotyWinien>0.00</ObrotyWinien>
        <ObrotyMa>0.00</ObrotyMa>
        <ObrotyWinienNarast>0.00</ObrotyWinienNarast>
        <ObrotyMaNarast>0.00</ObrotyMaNarast>
        <SaldoWinien>0.00</SaldoWinien>
        <SaldoMa>-0.00</SaldoMa>
    </ZOiS>

    <ZOiS  typ="G" >
        <KodKonta>803-02</KodKonta>
        <OpisKonta>POZOSTAWIONE W PRZEDS.DYWIDEND</OpisKonta>
        <TypKonta>bilansowe</TypKonta>
        <KodZespolu>8</KodZespolu>
        <OpisZespolu>POZOSTAWIO</OpisZespolu>
        <KodKategorii>kodk</KodKategorii>
        <OpisKategorii>opisk</OpisKategorii>
        <BilansOtwarciaWinien>0.00</BilansOtwarciaWinien>
        <BilansOtwarciaMa>0.00</BilansOtwarciaMa>
        <ObrotyWinien>0.00</ObrotyWinien>
        <ObrotyMa>0.00</ObrotyMa>
        <ObrotyWinienNarast>0.00</ObrotyWinienNarast>
        <ObrotyMaNarast>0.00</ObrotyMaNarast>
        <SaldoWinien>0.00</SaldoWinien>
        <SaldoMa>-0.00</SaldoMa>
    </ZOiS>

    <ZOiS  typ="G" >
        <KodKonta>804</KodKonta>
        <OpisKonta>KAPITAŁ ZAPASOWY              </OpisKonta>
        <TypKonta>bilansowe</TypKonta>
        <KodZespolu>8</KodZespolu>
        <OpisZespolu>KAPITAŁ ZA</OpisZespolu>
        <KodKategorii>kodk</KodKategorii>
        <OpisKategorii>opisk</OpisKategorii>
        <BilansOtwarciaWinien>0.00</BilansOtwarciaWinien>
        <BilansOtwarciaMa>0.00</BilansOtwarciaMa>
        <ObrotyWinien>0.00</ObrotyWinien>
        <ObrotyMa>0.00</ObrotyMa>
        <ObrotyWinienNarast>0.00</ObrotyWinienNarast>
        <ObrotyMaNarast>0.00</ObrotyMaNarast>
        <SaldoWinien>0.00</SaldoWinien>
        <SaldoMa>-0.00</SaldoMa>
    </ZOiS>

    <ZOiS  typ="G" >
        <KodKonta>804-01</KodKonta>
        <OpisKonta>KAPITAŁ ZAPASOWY</OpisKonta>
        <TypKonta>bilansowe</TypKonta>
        <KodZespolu>8</KodZespolu>
        <OpisZespolu>KAPITAŁ ZA</OpisZespolu>
        <KodKategorii>kodk</KodKategorii>
        <OpisKategorii>opisk</OpisKategorii>
        <BilansOtwarciaWinien>0.00</BilansOtwarciaWinien>
        <BilansOtwarciaMa>0.00</BilansOtwarciaMa>
        <ObrotyWinien>0.00</ObrotyWinien>
        <ObrotyMa>0.00</ObrotyMa>
        <ObrotyWinienNarast>0.00</ObrotyWinienNarast>
        <ObrotyMaNarast>0.00</ObrotyMaNarast>
        <SaldoWinien>0.00</SaldoWinien>
        <SaldoMa>-0.00</SaldoMa>
    </ZOiS>

    <ZOiS  typ="G" >
        <KodKonta>804-02</KodKonta>
        <OpisKonta>KAPITAŁ ZAPASOWY OS.FIZ.</OpisKonta>
        <TypKonta>bilansowe</TypKonta>
        <KodZespolu>8</KodZespolu>
        <OpisZespolu>KAPITAŁ ZA</OpisZespolu>
        <KodKategorii>kodk</KodKategorii>
        <OpisKategorii>opisk</OpisKategorii>
        <BilansOtwarciaWinien>0.00</BilansOtwarciaWinien>
        <BilansOtwarciaMa>0.00</BilansOtwarciaMa>
        <ObrotyWinien>0.00</ObrotyWinien>
        <ObrotyMa>0.00</ObrotyMa>
        <ObrotyWinienNarast>0.00</ObrotyWinienNarast>
        <ObrotyMaNarast>0.00</ObrotyMaNarast>
        <SaldoWinien>0.00</SaldoWinien>
        <SaldoMa>-0.00</SaldoMa>
    </ZOiS>

    <ZOiS  typ="G" >
        <KodKonta>805</KodKonta>
        <OpisKonta>KAPITAŁ REZERWOWY</OpisKonta>
        <TypKonta>bilansowe</TypKonta>
        <KodZespolu>8</KodZespolu>
        <OpisZespolu>KAPITAŁ RE</OpisZespolu>
        <KodKategorii>kodk</KodKategorii>
        <OpisKategorii>opisk</OpisKategorii>
        <BilansOtwarciaWinien>0.00</BilansOtwarciaWinien>
        <BilansOtwarciaMa>0.00</BilansOtwarciaMa>
        <ObrotyWinien>0.00</ObrotyWinien>
        <ObrotyMa>0.00</ObrotyMa>
        <ObrotyWinienNarast>0.00</ObrotyWinienNarast>
        <ObrotyMaNarast>0.00</ObrotyMaNarast>
        <SaldoWinien>0.00</SaldoWinien>
        <SaldoMa>-0.00</SaldoMa>
    </ZOiS>

    <ZOiS  typ="G" >
        <KodKonta>805-01</KodKonta>
        <OpisKonta>KAPITAŁ REZERWOWY</OpisKonta>
        <TypKonta>bilansowe</TypKonta>
        <KodZespolu>8</KodZespolu>
        <OpisZespolu>KAPITAŁ RE</OpisZespolu>
        <KodKategorii>kodk</KodKategorii>
        <OpisKategorii>opisk</OpisKategorii>
        <BilansOtwarciaWinien>0.00</BilansOtwarciaWinien>
        <BilansOtwarciaMa>0.00</BilansOtwarciaMa>
        <ObrotyWinien>0.00</ObrotyWinien>
        <ObrotyMa>0.00</ObrotyMa>
        <ObrotyWinienNarast>0.00</ObrotyWinienNarast>
        <ObrotyMaNarast>0.00</ObrotyMaNarast>
        <SaldoWinien>0.00</SaldoWinien>
        <SaldoMa>-0.00</SaldoMa>
    </ZOiS>

    <ZOiS  typ="G" >
        <KodKonta>806</KodKonta>
        <OpisKonta>ZMIANA KAPITAŁU-PRZESZACOWANIE</OpisKonta>
        <TypKonta>bilansowe</TypKonta>
        <KodZespolu>8</KodZespolu>
        <OpisZespolu>ZMIANA KAP</OpisZespolu>
        <KodKategorii>kodk</KodKategorii>
        <OpisKategorii>opisk</OpisKategorii>
        <BilansOtwarciaWinien>0.00</BilansOtwarciaWinien>
        <BilansOtwarciaMa>0.00</BilansOtwarciaMa>
        <ObrotyWinien>0.00</ObrotyWinien>
        <ObrotyMa>0.00</ObrotyMa>
        <ObrotyWinienNarast>0.00</ObrotyWinienNarast>
        <ObrotyMaNarast>0.00</ObrotyMaNarast>
        <SaldoWinien>0.00</SaldoWinien>
        <SaldoMa>-0.00</SaldoMa>
    </ZOiS>

    <ZOiS  typ="G" >
        <KodKonta>806-01</KodKonta>
        <OpisKonta>ZMIANA KAPITAŁU-PRZESZACOWANIE</OpisKonta>
        <TypKonta>bilansowe</TypKonta>
        <KodZespolu>8</KodZespolu>
        <OpisZespolu>ZMIANA KAP</OpisZespolu>
        <KodKategorii>kodk</KodKategorii>
        <OpisKategorii>opisk</OpisKategorii>
        <BilansOtwarciaWinien>0.00</BilansOtwarciaWinien>
        <BilansOtwarciaMa>0.00</BilansOtwarciaMa>
        <ObrotyWinien>0.00</ObrotyWinien>
        <ObrotyMa>0.00</ObrotyMa>
        <ObrotyWinienNarast>0.00</ObrotyWinienNarast>
        <ObrotyMaNarast>0.00</ObrotyMaNarast>
        <SaldoWinien>0.00</SaldoWinien>
        <SaldoMa>-0.00</SaldoMa>
    </ZOiS>

    <ZOiS  typ="G" >
        <KodKonta>808</KodKonta>
        <OpisKonta>STRATA BILANSOWA</OpisKonta>
        <TypKonta>bilansowe</TypKonta>
        <KodZespolu>8</KodZespolu>
        <OpisZespolu>STRATA BIL</OpisZespolu>
        <KodKategorii>kodk</KodKategorii>
        <OpisKategorii>opisk</OpisKategorii>
        <BilansOtwarciaWinien>0.00</BilansOtwarciaWinien>
        <BilansOtwarciaMa>0.00</BilansOtwarciaMa>
        <ObrotyWinien>0.00</ObrotyWinien>
        <ObrotyMa>0.00</ObrotyMa>
        <ObrotyWinienNarast>0.00</ObrotyWinienNarast>
        <ObrotyMaNarast>0.00</ObrotyMaNarast>
        <SaldoWinien>0.00</SaldoWinien>
        <SaldoMa>-0.00</SaldoMa>
    </ZOiS>

    <ZOiS  typ="G" >
        <KodKonta>808-01</KodKonta>
        <OpisKonta>STRATA BILANSOWA rok rrrr</OpisKonta>
        <TypKonta>bilansowe</TypKonta>
        <KodZespolu>8</KodZespolu>
        <OpisZespolu>STRATA BIL</OpisZespolu>
        <KodKategorii>kodk</KodKategorii>
        <OpisKategorii>opisk</OpisKategorii>
        <BilansOtwarciaWinien>0.00</BilansOtwarciaWinien>
        <BilansOtwarciaMa>0.00</BilansOtwarciaMa>
        <ObrotyWinien>0.00</ObrotyWinien>
        <ObrotyMa>0.00</ObrotyMa>
        <ObrotyWinienNarast>0.00</ObrotyWinienNarast>
        <ObrotyMaNarast>0.00</ObrotyMaNarast>
        <SaldoWinien>0.00</SaldoWinien>
        <SaldoMa>-0.00</SaldoMa>
    </ZOiS>

    <ZOiS  typ="G" >
        <KodKonta>820</KodKonta>
        <OpisKonta>ROZLICZENIE WYNIKU FINANSOWEGO</OpisKonta>
        <TypKonta>bilansowe</TypKonta>
        <KodZespolu>8</KodZespolu>
        <OpisZespolu>ROZLICZENI</OpisZespolu>
        <KodKategorii>kodk</KodKategorii>
        <OpisKategorii>opisk</OpisKategorii>
        <BilansOtwarciaWinien>0.00</BilansOtwarciaWinien>
        <BilansOtwarciaMa>0.00</BilansOtwarciaMa>
        <ObrotyWinien>0.00</ObrotyWinien>
        <ObrotyMa>0.00</ObrotyMa>
        <ObrotyWinienNarast>0.00</ObrotyWinienNarast>
        <ObrotyMaNarast>0.00</ObrotyMaNarast>
        <SaldoWinien>0.00</SaldoWinien>
        <SaldoMa>-0.00</SaldoMa>
    </ZOiS>

    <ZOiS  typ="G" >
        <KodKonta>820-01</KodKonta>
        <OpisKonta>ROZLICZENIE WYNIKU FINANSOWEGO</OpisKonta>
        <TypKonta>bilansowe</TypKonta>
        <KodZespolu>8</KodZespolu>
        <OpisZespolu>ROZLICZENI</OpisZespolu>
        <KodKategorii>kodk</KodKategorii>
        <OpisKategorii>opisk</OpisKategorii>
        <BilansOtwarciaWinien>0.00</BilansOtwarciaWinien>
        <BilansOtwarciaMa>0.00</BilansOtwarciaMa>
        <ObrotyWinien>0.00</ObrotyWinien>
        <ObrotyMa>0.00</ObrotyMa>
        <ObrotyWinienNarast>0.00</ObrotyWinienNarast>
        <ObrotyMaNarast>0.00</ObrotyMaNarast>
        <SaldoWinien>0.00</SaldoWinien>
        <SaldoMa>-0.00</SaldoMa>
    </ZOiS>

    <ZOiS  typ="G" >
        <KodKonta>820-02</KodKonta>
        <OpisKonta>ROZLICZENIE WYNIKU FINANSOWEGO</OpisKonta>
        <TypKonta>bilansowe</TypKonta>
        <KodZespolu>8</KodZespolu>
        <OpisZespolu>ROZLICZENI</OpisZespolu>
        <KodKategorii>kodk</KodKategorii>
        <OpisKategorii>opisk</OpisKategorii>
        <BilansOtwarciaWinien>0.00</BilansOtwarciaWinien>
        <BilansOtwarciaMa>0.00</BilansOtwarciaMa>
        <ObrotyWinien>0.00</ObrotyWinien>
        <ObrotyMa>0.00</ObrotyMa>
        <ObrotyWinienNarast>0.00</ObrotyWinienNarast>
        <ObrotyMaNarast>0.00</ObrotyMaNarast>
        <SaldoWinien>0.00</SaldoWinien>
        <SaldoMa>-0.00</SaldoMa>
    </ZOiS>

    <ZOiS  typ="G" >
        <KodKonta>840</KodKonta>
        <OpisKonta>REZERWY</OpisKonta>
        <TypKonta>bilansowe</TypKonta>
        <KodZespolu>8</KodZespolu>
        <OpisZespolu>REZERWY</OpisZespolu>
        <KodKategorii>kodk</KodKategorii>
        <OpisKategorii>opisk</OpisKategorii>
        <BilansOtwarciaWinien>0.00</BilansOtwarciaWinien>
        <BilansOtwarciaMa>0.00</BilansOtwarciaMa>
        <ObrotyWinien>0.00</ObrotyWinien>
        <ObrotyMa>0.00</ObrotyMa>
        <ObrotyWinienNarast>0.00</ObrotyWinienNarast>
        <ObrotyMaNarast>0.00</ObrotyMaNarast>
        <SaldoWinien>0.00</SaldoWinien>
        <SaldoMa>-0.00</SaldoMa>
    </ZOiS>

    <ZOiS  typ="G" >
        <KodKonta>840-01</KodKonta>
        <OpisKonta>REZERWA Z TUTUŁU ODROCZONEGO</OpisKonta>
        <TypKonta>bilansowe</TypKonta>
        <KodZespolu>8</KodZespolu>
        <OpisZespolu>REZERWA Z </OpisZespolu>
        <KodKategorii>kodk</KodKategorii>
        <OpisKategorii>opisk</OpisKategorii>
        <BilansOtwarciaWinien>0.00</BilansOtwarciaWinien>
        <BilansOtwarciaMa>0.00</BilansOtwarciaMa>
        <ObrotyWinien>0.00</ObrotyWinien>
        <ObrotyMa>0.00</ObrotyMa>
        <ObrotyWinienNarast>0.00</ObrotyWinienNarast>
        <ObrotyMaNarast>0.00</ObrotyMaNarast>
        <SaldoWinien>0.00</SaldoWinien>
        <SaldoMa>-0.00</SaldoMa>
    </ZOiS>

    <ZOiS  typ="G" >
        <KodKonta>840-02</KodKonta>
        <OpisKonta>REZERWY NA KOSZTY</OpisKonta>
        <TypKonta>bilansowe</TypKonta>
        <KodZespolu>8</KodZespolu>
        <OpisZespolu>REZERWY NA</OpisZespolu>
        <KodKategorii>kodk</KodKategorii>
        <OpisKategorii>opisk</OpisKategorii>
        <BilansOtwarciaWinien>0.00</BilansOtwarciaWinien>
        <BilansOtwarciaMa>0.00</BilansOtwarciaMa>
        <ObrotyWinien>0.00</ObrotyWinien>
        <ObrotyMa>0.00</ObrotyMa>
        <ObrotyWinienNarast>0.00</ObrotyWinienNarast>
        <ObrotyMaNarast>0.00</ObrotyMaNarast>
        <SaldoWinien>0.00</SaldoWinien>
        <SaldoMa>-0.00</SaldoMa>
    </ZOiS>

    <ZOiS  typ="G" >
        <KodKonta>840-05</KodKonta>
        <OpisKonta>REZERWA NA ŚWIADCZENIA</OpisKonta>
        <TypKonta>bilansowe</TypKonta>
        <KodZespolu>8</KodZespolu>
        <OpisZespolu>REZERWA NA</OpisZespolu>
        <KodKategorii>kodk</KodKategorii>
        <OpisKategorii>opisk</OpisKategorii>
        <BilansOtwarciaWinien>0.00</BilansOtwarciaWinien>
        <BilansOtwarciaMa>0.00</BilansOtwarciaMa>
        <ObrotyWinien>0.00</ObrotyWinien>
        <ObrotyMa>0.00</ObrotyMa>
        <ObrotyWinienNarast>0.00</ObrotyWinienNarast>
        <ObrotyMaNarast>0.00</ObrotyMaNarast>
        <SaldoWinien>0.00</SaldoWinien>
        <SaldoMa>-0.00</SaldoMa>
    </ZOiS>

    <ZOiS  typ="G" >
        <KodKonta>840-06</KodKonta>
        <OpisKonta>POZOSTAŁE REZERWY</OpisKonta>
        <TypKonta>bilansowe</TypKonta>
        <KodZespolu>8</KodZespolu>
        <OpisZespolu>POZOSTAŁE </OpisZespolu>
        <KodKategorii>kodk</KodKategorii>
        <OpisKategorii>opisk</OpisKategorii>
        <BilansOtwarciaWinien>0.00</BilansOtwarciaWinien>
        <BilansOtwarciaMa>0.00</BilansOtwarciaMa>
        <ObrotyWinien>0.00</ObrotyWinien>
        <ObrotyMa>0.00</ObrotyMa>
        <ObrotyWinienNarast>0.00</ObrotyWinienNarast>
        <ObrotyMaNarast>0.00</ObrotyMaNarast>
        <SaldoWinien>0.00</SaldoWinien>
        <SaldoMa>-0.00</SaldoMa>
    </ZOiS>

    <ZOiS  typ="G" >
        <KodKonta>845</KodKonta>
        <OpisKonta>ROZLICZENIA MIĘDZYOKRESOWE</OpisKonta>
        <TypKonta>bilansowe</TypKonta>
        <KodZespolu>8</KodZespolu>
        <OpisZespolu>ROZLICZENI</OpisZespolu>
        <KodKategorii>kodk</KodKategorii>
        <OpisKategorii>opisk</OpisKategorii>
        <BilansOtwarciaWinien>0.00</BilansOtwarciaWinien>
        <BilansOtwarciaMa>0.00</BilansOtwarciaMa>
        <ObrotyWinien>0.00</ObrotyWinien>
        <ObrotyMa>0.00</ObrotyMa>
        <ObrotyWinienNarast>0.00</ObrotyWinienNarast>
        <ObrotyMaNarast>0.00</ObrotyMaNarast>
        <SaldoWinien>0.00</SaldoWinien>
        <SaldoMa>-0.00</SaldoMa>
    </ZOiS>

    <ZOiS  typ="G" >
        <KodKonta>845-01</KodKonta>
        <OpisKonta>P.P.O. - OTRZYMANE ZALICZKI   </OpisKonta>
        <TypKonta>bilansowe</TypKonta>
        <KodZespolu>8</KodZespolu>
        <OpisZespolu>P.P.O. - O</OpisZespolu>
        <KodKategorii>kodk</KodKategorii>
        <OpisKategorii>opisk</OpisKategorii>
        <BilansOtwarciaWinien>0.00</BilansOtwarciaWinien>
        <BilansOtwarciaMa>0.00</BilansOtwarciaMa>
        <ObrotyWinien>0.00</ObrotyWinien>
        <ObrotyMa>0.00</ObrotyMa>
        <ObrotyWinienNarast>0.00</ObrotyWinienNarast>
        <ObrotyMaNarast>0.00</ObrotyMaNarast>
        <SaldoWinien>0.00</SaldoWinien>
        <SaldoMa>-0.00</SaldoMa>
    </ZOiS>

    <ZOiS  typ="G" >
        <KodKonta>845-02</KodKonta>
        <OpisKonta>OTRZYMANE NIEODPŁATNIE</OpisKonta>
        <TypKonta>bilansowe</TypKonta>
        <KodZespolu>8</KodZespolu>
        <OpisZespolu>OTRZYMANE </OpisZespolu>
        <KodKategorii>kodk</KodKategorii>
        <OpisKategorii>opisk</OpisKategorii>
        <BilansOtwarciaWinien>0.00</BilansOtwarciaWinien>
        <BilansOtwarciaMa>0.00</BilansOtwarciaMa>
        <ObrotyWinien>0.00</ObrotyWinien>
        <ObrotyMa>0.00</ObrotyMa>
        <ObrotyWinienNarast>0.00</ObrotyWinienNarast>
        <ObrotyMaNarast>0.00</ObrotyMaNarast>
        <SaldoWinien>0.00</SaldoWinien>
        <SaldoMa>-0.00</SaldoMa>
    </ZOiS>

    <ZOiS  typ="G" >
        <KodKonta>845-03</KodKonta>
        <OpisKonta>OTRZYMANE ŚR.PIENIĘŻNE</OpisKonta>
        <TypKonta>bilansowe</TypKonta>
        <KodZespolu>8</KodZespolu>
        <OpisZespolu>OTRZYMANE </OpisZespolu>
        <KodKategorii>kodk</KodKategorii>
        <OpisKategorii>opisk</OpisKategorii>
        <BilansOtwarciaWinien>0.00</BilansOtwarciaWinien>
        <BilansOtwarciaMa>0.00</BilansOtwarciaMa>
        <ObrotyWinien>0.00</ObrotyWinien>
        <ObrotyMa>0.00</ObrotyMa>
        <ObrotyWinienNarast>0.00</ObrotyWinienNarast>
        <ObrotyMaNarast>0.00</ObrotyMaNarast>
        <SaldoWinien>0.00</SaldoWinien>
        <SaldoMa>-0.00</SaldoMa>
    </ZOiS>

    <ZOiS  typ="G" >
        <KodKonta>850</KodKonta>
        <OpisKonta>ZAKŁ.FUNDUSZ ŚWIADCZEŃ SOCJAL.</OpisKonta>
        <TypKonta>bilansowe</TypKonta>
        <KodZespolu>8</KodZespolu>
        <OpisZespolu>ZAKŁ.FUNDU</OpisZespolu>
        <KodKategorii>kodk</KodKategorii>
        <OpisKategorii>opisk</OpisKategorii>
        <BilansOtwarciaWinien>0.00</BilansOtwarciaWinien>
        <BilansOtwarciaMa>0.00</BilansOtwarciaMa>
        <ObrotyWinien>0.00</ObrotyWinien>
        <ObrotyMa>0.00</ObrotyMa>
        <ObrotyWinienNarast>0.00</ObrotyWinienNarast>
        <ObrotyMaNarast>0.00</ObrotyMaNarast>
        <SaldoWinien>0.00</SaldoWinien>
        <SaldoMa>-0.00</SaldoMa>
    </ZOiS>

    <ZOiS  typ="G" >
        <KodKonta>850-01</KodKonta>
        <OpisKonta>ZAKŁ.FUNDUSZ ŚWIADCZEŃ SOCJAL.</OpisKonta>
        <TypKonta>bilansowe</TypKonta>
        <KodZespolu>8</KodZespolu>
        <OpisZespolu>ZAKŁ.FUNDU</OpisZespolu>
        <KodKategorii>kodk</KodKategorii>
        <OpisKategorii>opisk</OpisKategorii>
        <BilansOtwarciaWinien>0.00</BilansOtwarciaWinien>
        <BilansOtwarciaMa>0.00</BilansOtwarciaMa>
        <ObrotyWinien>0.00</ObrotyWinien>
        <ObrotyMa>0.00</ObrotyMa>
        <ObrotyWinienNarast>0.00</ObrotyWinienNarast>
        <ObrotyMaNarast>0.00</ObrotyMaNarast>
        <SaldoWinien>0.00</SaldoWinien>
        <SaldoMa>-0.00</SaldoMa>
    </ZOiS>

    <ZOiS  typ="G" >
        <KodKonta>860</KodKonta>
        <OpisKonta>WYNIK FINANSOWY               </OpisKonta>
        <TypKonta>bilansowe</TypKonta>
        <KodZespolu>8</KodZespolu>
        <OpisZespolu>WYNIK FINA</OpisZespolu>
        <KodKategorii>kodk</KodKategorii>
        <OpisKategorii>opisk</OpisKategorii>
        <BilansOtwarciaWinien>0.00</BilansOtwarciaWinien>
        <BilansOtwarciaMa>0.00</BilansOtwarciaMa>
        <ObrotyWinien>0.00</ObrotyWinien>
        <ObrotyMa>0.00</ObrotyMa>
        <ObrotyWinienNarast>0.00</ObrotyWinienNarast>
        <ObrotyMaNarast>0.00</ObrotyMaNarast>
        <SaldoWinien>0.00</SaldoWinien>
        <SaldoMa>-0.00</SaldoMa>
    </ZOiS>

    <ZOiS  typ="G" >
        <KodKonta>870</KodKonta>
        <OpisKonta>PODATEK DOCHODOWY             </OpisKonta>
        <TypKonta>bilansowe</TypKonta>
        <KodZespolu>8</KodZespolu>
        <OpisZespolu>PODATEK DO</OpisZespolu>
        <KodKategorii>kodk</KodKategorii>
        <OpisKategorii>opisk</OpisKategorii>
        <BilansOtwarciaWinien>0.00</BilansOtwarciaWinien>
        <BilansOtwarciaMa>0.00</BilansOtwarciaMa>
        <ObrotyWinien>0.00</ObrotyWinien>
        <ObrotyMa>0.00</ObrotyMa>
        <ObrotyWinienNarast>0.00</ObrotyWinienNarast>
        <ObrotyMaNarast>0.00</ObrotyMaNarast>
        <SaldoWinien>0.00</SaldoWinien>
        <SaldoMa>-0.00</SaldoMa>
    </ZOiS>

    <ZOiS  typ="G" >
        <KodKonta>870-01</KodKonta>
        <OpisKonta>PODATEK DOCHODOWY</OpisKonta>
        <TypKonta>bilansowe</TypKonta>
        <KodZespolu>8</KodZespolu>
        <OpisZespolu>PODATEK DO</OpisZespolu>
        <KodKategorii>kodk</KodKategorii>
        <OpisKategorii>opisk</OpisKategorii>
        <BilansOtwarciaWinien>0.00</BilansOtwarciaWinien>
        <BilansOtwarciaMa>0.00</BilansOtwarciaMa>
        <ObrotyWinien>0.00</ObrotyWinien>
        <ObrotyMa>0.00</ObrotyMa>
        <ObrotyWinienNarast>0.00</ObrotyWinienNarast>
        <ObrotyMaNarast>0.00</ObrotyMaNarast>
        <SaldoWinien>0.00</SaldoWinien>
        <SaldoMa>-0.00</SaldoMa>
    </ZOiS>

    <ZOiS  typ="G" >
        <KodKonta>870-02</KodKonta>
        <OpisKonta>PODATEK ROKU UBIEGŁEGO</OpisKonta>
        <TypKonta>bilansowe</TypKonta>
        <KodZespolu>8</KodZespolu>
        <OpisZespolu>PODATEK RO</OpisZespolu>
        <KodKategorii>kodk</KodKategorii>
        <OpisKategorii>opisk</OpisKategorii>
        <BilansOtwarciaWinien>0.00</BilansOtwarciaWinien>
        <BilansOtwarciaMa>0.00</BilansOtwarciaMa>
        <ObrotyWinien>0.00</ObrotyWinien>
        <ObrotyMa>0.00</ObrotyMa>
        <ObrotyWinienNarast>0.00</ObrotyWinienNarast>
        <ObrotyMaNarast>0.00</ObrotyMaNarast>
        <SaldoWinien>0.00</SaldoWinien>
        <SaldoMa>-0.00</SaldoMa>
    </ZOiS>

    <ZOiS  typ="G" >
        <KodKonta>873</KodKonta>
        <OpisKonta>INNE OBOWIĄZKOWE ODPISY Z ZYSK</OpisKonta>
        <TypKonta>bilansowe</TypKonta>
        <KodZespolu>8</KodZespolu>
        <OpisZespolu>INNE OBOWI</OpisZespolu>
        <KodKategorii>kodk</KodKategorii>
        <OpisKategorii>opisk</OpisKategorii>
        <BilansOtwarciaWinien>0.00</BilansOtwarciaWinien>
        <BilansOtwarciaMa>0.00</BilansOtwarciaMa>
        <ObrotyWinien>0.00</ObrotyWinien>
        <ObrotyMa>0.00</ObrotyMa>
        <ObrotyWinienNarast>0.00</ObrotyWinienNarast>
        <ObrotyMaNarast>0.00</ObrotyMaNarast>
        <SaldoWinien>0.00</SaldoWinien>
        <SaldoMa>-0.00</SaldoMa>
    </ZOiS>

    <ZOiS  typ="G" >
        <KodKonta>873-01</KodKonta>
        <OpisKonta>INNE OBOWIĄZKOWE ODPISY Z ZYSK</OpisKonta>
        <TypKonta>bilansowe</TypKonta>
        <KodZespolu>8</KodZespolu>
        <OpisZespolu>INNE OBOWI</OpisZespolu>
        <KodKategorii>kodk</KodKategorii>
        <OpisKategorii>opisk</OpisKategorii>
        <BilansOtwarciaWinien>0.00</BilansOtwarciaWinien>
        <BilansOtwarciaMa>0.00</BilansOtwarciaMa>
        <ObrotyWinien>0.00</ObrotyWinien>
        <ObrotyMa>0.00</ObrotyMa>
        <ObrotyWinienNarast>0.00</ObrotyWinienNarast>
        <ObrotyMaNarast>0.00</ObrotyMaNarast>
        <SaldoWinien>0.00</SaldoWinien>
        <SaldoMa>-0.00</SaldoMa>
    </ZOiS>

    <ZOiS  typ="G" >
        <KodKonta>875</KodKonta>
        <OpisKonta>DYWIDENDA Z MAJĄTKU           </OpisKonta>
        <TypKonta>bilansowe</TypKonta>
        <KodZespolu>8</KodZespolu>
        <OpisZespolu>DYWIDENDA </OpisZespolu>
        <KodKategorii>kodk</KodKategorii>
        <OpisKategorii>opisk</OpisKategorii>
        <BilansOtwarciaWinien>0.00</BilansOtwarciaWinien>
        <BilansOtwarciaMa>0.00</BilansOtwarciaMa>
        <ObrotyWinien>0.00</ObrotyWinien>
        <ObrotyMa>0.00</ObrotyMa>
        <ObrotyWinienNarast>0.00</ObrotyWinienNarast>
        <ObrotyMaNarast>0.00</ObrotyMaNarast>
        <SaldoWinien>0.00</SaldoWinien>
        <SaldoMa>-0.00</SaldoMa>
    </ZOiS>

    <ZOiS  typ="G" >
        <KodKonta>875-01</KodKonta>
        <OpisKonta>DYWIDENDA Z MAJĄTKU</OpisKonta>
        <TypKonta>bilansowe</TypKonta>
        <KodZespolu>8</KodZespolu>
        <OpisZespolu>DYWIDENDA </OpisZespolu>
        <KodKategorii>kodk</KodKategorii>
        <OpisKategorii>opisk</OpisKategorii>
        <BilansOtwarciaWinien>0.00</BilansOtwarciaWinien>
        <BilansOtwarciaMa>0.00</BilansOtwarciaMa>
        <ObrotyWinien>0.00</ObrotyWinien>
        <ObrotyMa>0.00</ObrotyMa>
        <ObrotyWinienNarast>0.00</ObrotyWinienNarast>
        <ObrotyMaNarast>0.00</ObrotyMaNarast>
        <SaldoWinien>0.00</SaldoWinien>
        <SaldoMa>-0.00</SaldoMa>
    </ZOiS>

    <ZOiS  typ="G" >
        <KodKonta>998</KodKonta>
        <OpisKonta>KONTO TECHNICZNE - ROZRACHUNKI</OpisKonta>
        <TypKonta>bilansowe</TypKonta>
        <KodZespolu>9</KodZespolu>
        <OpisZespolu>KONTO TECH</OpisZespolu>
        <KodKategorii>kodk</KodKategorii>
        <OpisKategorii>opisk</OpisKategorii>
        <BilansOtwarciaWinien>0.00</BilansOtwarciaWinien>
        <BilansOtwarciaMa>0.00</BilansOtwarciaMa>
        <ObrotyWinien>0.00</ObrotyWinien>
        <ObrotyMa>0.00</ObrotyMa>
        <ObrotyWinienNarast>0.00</ObrotyWinienNarast>
        <ObrotyMaNarast>0.00</ObrotyMaNarast>
        <SaldoWinien>0.00</SaldoWinien>
        <SaldoMa>-0.00</SaldoMa>
    </ZOiS>

    <ZOiS  typ="G" >
        <KodKonta>999</KodKonta>
        <OpisKonta>KONTO TECHNICZNE (BO,STORNO)  </OpisKonta>
        <TypKonta>bilansowe</TypKonta>
        <KodZespolu>9</KodZespolu>
        <OpisZespolu>KONTO TECH</OpisZespolu>
        <KodKategorii>kodk</KodKategorii>
        <OpisKategorii>opisk</OpisKategorii>
        <BilansOtwarciaWinien>0.00</BilansOtwarciaWinien>
        <BilansOtwarciaMa>0.00</BilansOtwarciaMa>
        <ObrotyWinien>0.00</ObrotyWinien>
        <ObrotyMa>0.00</ObrotyMa>
        <ObrotyWinienNarast>0.00</ObrotyWinienNarast>
        <ObrotyMaNarast>0.00</ObrotyMaNarast>
        <SaldoWinien>0.00</SaldoWinien>
        <SaldoMa>-0.00</SaldoMa>
    </ZOiS>

    <Dziennik  typ="G" >
        <LpZapisuDziennika>1</LpZapisuDziennika>
        <NrZapisuDziennika>PK 0001</NrZapisuDziennika>
        <OpisDziennika>ksiega glowna</OpisDziennika>
        <NrDowoduKsiegowego>PK 0001</NrDowoduKsiegowego>
        <RodzajDowodu>PK</RodzajDowodu>
        <DataOperacji>2016-01-31</DataOperacji>
        <DataDowodu>2016-01-31</DataDowodu>
        <DataKsiegowania>2016-01-31</DataKsiegowania>
        <KodOperatora>adm</KodOperatora>
        <OpisOperacji>place</OpisOperacji>
        <DziennikKwotaOperacji>12450.00</DziennikKwotaOperacji>
    </Dziennik>
    <Dziennik  typ="G" >
        <LpZapisuDziennika>2</LpZapisuDziennika>
        <NrZapisuDziennika>PK 0001</NrZapisuDziennika>
        <OpisDziennika>ksiega glowna</OpisDziennika>
        <NrDowoduKsiegowego>PK 0001</NrDowoduKsiegowego>
        <RodzajDowodu>PK</RodzajDowodu>
        <DataOperacji>2016-01-31</DataOperacji>
        <DataDowodu>2016-01-31</DataDowodu>
        <DataKsiegowania>2016-01-31</DataKsiegowania>
        <KodOperatora>adm</KodOperatora>
        <OpisOperacji>place</OpisOperacji>
        <DziennikKwotaOperacji>12450.00</DziennikKwotaOperacji>
    </Dziennik>
    <Dziennik  typ="G" >
        <LpZapisuDziennika>3</LpZapisuDziennika>
        <NrZapisuDziennika>PK 0002</NrZapisuDziennika>
        <OpisDziennika>ksiega glowna</OpisDziennika>
        <NrDowoduKsiegowego>PK 0002</NrDowoduKsiegowego>
        <RodzajDowodu>PK</RodzajDowodu>
        <DataOperacji>2016-01-31</DataOperacji>
        <DataDowodu>2016-01-31</DataDowodu>
        <DataKsiegowania>2016-01-31</DataKsiegowania>
        <KodOperatora>adm</KodOperatora>
        <OpisOperacji>Rejestr sprzedaży FAKTUR VAT </OpisOperacji>
        <DziennikKwotaOperacji>1230.00</DziennikKwotaOperacji>
    </Dziennik>
    <Dziennik  typ="G" >
        <LpZapisuDziennika>4</LpZapisuDziennika>
        <NrZapisuDziennika>PK 0002</NrZapisuDziennika>
        <OpisDziennika>ksiega glowna</OpisDziennika>
        <NrDowoduKsiegowego>PK 0002</NrDowoduKsiegowego>
        <RodzajDowodu>PK</RodzajDowodu>
        <DataOperacji>2016-01-31</DataOperacji>
        <DataDowodu>2016-01-31</DataDowodu>
        <DataKsiegowania>2016-01-31</DataKsiegowania>
        <KodOperatora>adm</KodOperatora>
        <OpisOperacji>Rejestr sprzedaży FAKTUR VAT </OpisOperacji>
        <DziennikKwotaOperacji>230.00</DziennikKwotaOperacji>
    </Dziennik>
    <Dziennik  typ="G" >
        <LpZapisuDziennika>5</LpZapisuDziennika>
        <NrZapisuDziennika>PK 0002</NrZapisuDziennika>
        <OpisDziennika>ksiega glowna</OpisDziennika>
        <NrDowoduKsiegowego>PK 0002</NrDowoduKsiegowego>
        <RodzajDowodu>PK</RodzajDowodu>
        <DataOperacji>2016-01-31</DataOperacji>
        <DataDowodu>2016-01-31</DataDowodu>
        <DataKsiegowania>2016-01-31</DataKsiegowania>
        <KodOperatora>adm</KodOperatora>
        <OpisOperacji>Rejestr sprzedaży FAKTUR VAT </OpisOperacji>
        <DziennikKwotaOperacji>1000.00</DziennikKwotaOperacji>
    </Dziennik>
    <Dziennik  typ="G" >
        <LpZapisuDziennika>6</LpZapisuDziennika>
        <NrZapisuDziennika>PK 0003</NrZapisuDziennika>
        <OpisDziennika>ksiega glowna</OpisDziennika>
        <NrDowoduKsiegowego>PK 0003</NrDowoduKsiegowego>
        <RodzajDowodu>PK</RodzajDowodu>
        <DataOperacji>2016-01-31</DataOperacji>
        <DataDowodu>2016-01-31</DataDowodu>
        <DataKsiegowania>2016-01-31</DataKsiegowania>
        <KodOperatora>adm</KodOperatora>
        <OpisOperacji>REJESTR zakupów środków trwałych</OpisOperacji>
        <DziennikKwotaOperacji>2890.00</DziennikKwotaOperacji>
    </Dziennik>
    <Dziennik  typ="G" >
        <LpZapisuDziennika>7</LpZapisuDziennika>
        <NrZapisuDziennika>PK 0003</NrZapisuDziennika>
        <OpisDziennika>ksiega glowna</OpisDziennika>
        <NrDowoduKsiegowego>PK 0003</NrDowoduKsiegowego>
        <RodzajDowodu>PK</RodzajDowodu>
        <DataOperacji>2016-01-31</DataOperacji>
        <DataDowodu>2016-01-31</DataDowodu>
        <DataKsiegowania>2016-01-31</DataKsiegowania>
        <KodOperatora>adm</KodOperatora>
        <OpisOperacji>REJESTR zakupów środków trwałych</OpisOperacji>
        <DziennikKwotaOperacji>3554.70</DziennikKwotaOperacji>
    </Dziennik>
    <Dziennik  typ="G" >
        <LpZapisuDziennika>8</LpZapisuDziennika>
        <NrZapisuDziennika>PK 0003</NrZapisuDziennika>
        <OpisDziennika>ksiega glowna</OpisDziennika>
        <NrDowoduKsiegowego>PK 0003</NrDowoduKsiegowego>
        <RodzajDowodu>PK</RodzajDowodu>
        <DataOperacji>2016-01-31</DataOperacji>
        <DataDowodu>2016-01-31</DataDowodu>
        <DataKsiegowania>2016-01-31</DataKsiegowania>
        <KodOperatora>adm</KodOperatora>
        <OpisOperacji>REJESTR zakupów środków trwałych</OpisOperacji>
        <DziennikKwotaOperacji>664.70</DziennikKwotaOperacji>
    </Dziennik>
    <Dziennik  typ="G" >
        <LpZapisuDziennika>9</LpZapisuDziennika>
        <NrZapisuDziennika>PK 0004</NrZapisuDziennika>
        <OpisDziennika>ksiega glowna</OpisDziennika>
        <NrDowoduKsiegowego>PK 0004</NrDowoduKsiegowego>
        <RodzajDowodu>PK</RodzajDowodu>
        <DataOperacji>2016-01-31</DataOperacji>
        <DataDowodu>2016-01-31</DataDowodu>
        <DataKsiegowania>2016-01-31</DataKsiegowania>
        <KodOperatora>adm</KodOperatora>
        <OpisOperacji>Bank 1 PL39235000153333000010239933</OpisOperacji>
        <DziennikKwotaOperacji>-1230.00</DziennikKwotaOperacji>
    </Dziennik>
    <Dziennik  typ="G" >
        <LpZapisuDziennika>10</LpZapisuDziennika>
        <NrZapisuDziennika>PK 0004</NrZapisuDziennika>
        <OpisDziennika>ksiega glowna</OpisDziennika>
        <NrDowoduKsiegowego>PK 0004</NrDowoduKsiegowego>
        <RodzajDowodu>PK</RodzajDowodu>
        <DataOperacji>2016-01-31</DataOperacji>
        <DataDowodu>2016-01-31</DataDowodu>
        <DataKsiegowania>2016-01-31</DataKsiegowania>
        <KodOperatora>adm</KodOperatora>
        <OpisOperacji>Bank 1 PL39235000153333000010239933</OpisOperacji>
        <DziennikKwotaOperacji>3554.70</DziennikKwotaOperacji>
    </Dziennik>
    <Dziennik  typ="G" >
        <LpZapisuDziennika>11</LpZapisuDziennika>
        <NrZapisuDziennika>PK 0004</NrZapisuDziennika>
        <OpisDziennika>ksiega glowna</OpisDziennika>
        <NrDowoduKsiegowego>PK 0004</NrDowoduKsiegowego>
        <RodzajDowodu>PK</RodzajDowodu>
        <DataOperacji>2016-01-31</DataOperacji>
        <DataDowodu>2016-01-31</DataDowodu>
        <DataKsiegowania>2016-01-31</DataKsiegowania>
        <KodOperatora>adm</KodOperatora>
        <OpisOperacji>Bank 1 PL39235000153333000010239933</OpisOperacji>
        <DziennikKwotaOperacji>2324.70</DziennikKwotaOperacji>
    </Dziennik>
    <Dziennik  typ="G" >
        <LpZapisuDziennika>12</LpZapisuDziennika>
        <NrZapisuDziennika>PK 0005</NrZapisuDziennika>
        <OpisDziennika>ksiega glowna</OpisDziennika>
        <NrDowoduKsiegowego>PK 0005</NrDowoduKsiegowego>
        <RodzajDowodu>PK</RodzajDowodu>
        <DataOperacji>2016-01-31</DataOperacji>
        <DataDowodu>2016-01-31</DataDowodu>
        <DataKsiegowania>2016-01-31</DataKsiegowania>
        <KodOperatora>adm</KodOperatora>
        <OpisOperacji>Amortyzacja</OpisOperacji>
        <DziennikKwotaOperacji>2850.00</DziennikKwotaOperacji>
    </Dziennik>
    <Dziennik  typ="G" >
        <LpZapisuDziennika>13</LpZapisuDziennika>
        <NrZapisuDziennika>PK 0005</NrZapisuDziennika>
        <OpisDziennika>ksiega glowna</OpisDziennika>
        <NrDowoduKsiegowego>PK 0005</NrDowoduKsiegowego>
        <RodzajDowodu>PK</RodzajDowodu>
        <DataOperacji>2016-01-31</DataOperacji>
        <DataDowodu>2016-01-31</DataDowodu>
        <DataKsiegowania>2016-01-31</DataKsiegowania>
        <KodOperatora>adm</KodOperatora>
        <OpisOperacji>Amortyzacja</OpisOperacji>
        <DziennikKwotaOperacji>2850.00</DziennikKwotaOperacji>
    </Dziennik>
    <Dziennik  typ="G" >
        <LpZapisuDziennika>14</LpZapisuDziennika>
        <NrZapisuDziennika>PK 0006</NrZapisuDziennika>
        <OpisDziennika>ksiega glowna</OpisDziennika>
        <NrDowoduKsiegowego>PK 0006</NrDowoduKsiegowego>
        <RodzajDowodu>PK</RodzajDowodu>
        <DataOperacji>2016-01-31</DataOperacji>
        <DataDowodu>2016-01-31</DataDowodu>
        <DataKsiegowania>2016-01-31</DataKsiegowania>
        <KodOperatora>adm</KodOperatora>
        <OpisOperacji>REJESTR zakupów materiałów</OpisOperacji>
        <DziennikKwotaOperacji>55.97</DziennikKwotaOperacji>
    </Dziennik>
    <Dziennik  typ="G" >
        <LpZapisuDziennika>15</LpZapisuDziennika>
        <NrZapisuDziennika>PK 0006</NrZapisuDziennika>
        <OpisDziennika>ksiega glowna</OpisDziennika>
        <NrDowoduKsiegowego>PK 0006</NrDowoduKsiegowego>
        <RodzajDowodu>PK</RodzajDowodu>
        <DataOperacji>2016-01-31</DataOperacji>
        <DataDowodu>2016-01-31</DataDowodu>
        <DataKsiegowania>2016-01-31</DataKsiegowania>
        <KodOperatora>adm</KodOperatora>
        <OpisOperacji>REJESTR zakupów materiałów</OpisOperacji>
        <DziennikKwotaOperacji>10.47</DziennikKwotaOperacji>
    </Dziennik>
    <Dziennik  typ="G" >
        <LpZapisuDziennika>16</LpZapisuDziennika>
        <NrZapisuDziennika>PK 0006</NrZapisuDziennika>
        <OpisDziennika>ksiega glowna</OpisDziennika>
        <NrDowoduKsiegowego>PK 0006</NrDowoduKsiegowego>
        <RodzajDowodu>PK</RodzajDowodu>
        <DataOperacji>2016-01-31</DataOperacji>
        <DataDowodu>2016-01-31</DataDowodu>
        <DataKsiegowania>2016-01-31</DataKsiegowania>
        <KodOperatora>adm</KodOperatora>
        <OpisOperacji>REJESTR zakupów materiałów</OpisOperacji>
        <DziennikKwotaOperacji>45.50</DziennikKwotaOperacji>
    </Dziennik>
    <DziennikCtrl>
        <LiczbaWierszyDziennika>16</LiczbaWierszyDziennika>
        <SumaKwotOperacji>44930.74</SumaKwotOperacji>
    </DziennikCtrl>
    <KontoZapis  typ="G" >
        <LpZapisu>1</LpZapisu>
        <NrZapisu>PK 0001</NrZapisu>
        <KodKontaWinien/>
        <KwotaWinien>0.00</KwotaWinien>
        <KodKontaMa>230-01</KodKontaMa>
        <KwotaMa>12450.00</KwotaMa>
        <OpisZapisuMa>place</OpisZapisuMa>
    </KontoZapis>
    <KontoZapis  typ="G" >
        <LpZapisu>2</LpZapisu>
        <NrZapisu>PK 0001</NrZapisu>
        <KodKontaWinien>403-01</KodKontaWinien>
        <KwotaWinien>12450.00</KwotaWinien>
        <OpisZapisuWinien>place</OpisZapisuWinien>
        <KodKontaMa>null</KodKontaMa>
        <KwotaMa>0.00</KwotaMa>
    </KontoZapis>
    <KontoZapis  typ="G" >
        <LpZapisu>3</LpZapisu>
        <NrZapisu>PK 0002</NrZapisu>
        <KodKontaWinien>201-01</KodKontaWinien>
        <KwotaWinien>1230.00</KwotaWinien>
        <OpisZapisuWinien>Rejestr sprzedaży FAKTUR VAT </OpisZapisuWinien>
        <KodKontaMa>null</KodKontaMa>
        <KwotaMa>0.00</KwotaMa>
    </KontoZapis>
    <KontoZapis  typ="G" >
        <LpZapisu>4</LpZapisu>
        <NrZapisu>PK 0002</NrZapisu>
        <KodKontaWinien/>
        <KwotaWinien>0.00</KwotaWinien>
        <KodKontaMa>222-20</KodKontaMa>
        <KwotaMa>230.00</KwotaMa>
        <OpisZapisuMa>Rejestr sprzedaży FAKTUR VAT </OpisZapisuMa>
    </KontoZapis>
    <KontoZapis  typ="G" >
        <LpZapisu>5</LpZapisu>
        <NrZapisu>PK 0002</NrZapisu>
        <KodKontaWinien/>
        <KwotaWinien>0.00</KwotaWinien>
        <KodKontaMa>700-01</KodKontaMa>
        <KwotaMa>1000.00</KwotaMa>
        <OpisZapisuMa>Rejestr sprzedaży FAKTUR VAT </OpisZapisuMa>
    </KontoZapis>
    <KontoZapis  typ="G" >
        <LpZapisu>6</LpZapisu>
        <NrZapisu>PK 0003</NrZapisu>
        <KodKontaWinien>010-04</KodKontaWinien>
        <KwotaWinien>2890.00</KwotaWinien>
        <OpisZapisuWinien>REJESTR zakupów środków trwałych</OpisZapisuWinien>
        <KodKontaMa>null</KodKontaMa>
        <KwotaMa>0.00</KwotaMa>
    </KontoZapis>
    <KontoZapis  typ="G" >
        <LpZapisu>7</LpZapisu>
        <NrZapisu>PK 0003</NrZapisu>
        <KodKontaWinien/>
        <KwotaWinien>0.00</KwotaWinien>
        <KodKontaMa>202-01</KodKontaMa>
        <KwotaMa>3554.70</KwotaMa>
        <OpisZapisuMa>REJESTR zakupów środków trwałych</OpisZapisuMa>
    </KontoZapis>
    <KontoZapis  typ="G" >
        <LpZapisu>8</LpZapisu>
        <NrZapisu>PK 0003</NrZapisu>
        <KodKontaWinien>222-10</KodKontaWinien>
        <KwotaWinien>664.70</KwotaWinien>
        <OpisZapisuWinien>REJESTR zakupów środków trwałych</OpisZapisuWinien>
        <KodKontaMa>null</KodKontaMa>
        <KwotaMa>0.00</KwotaMa>
    </KontoZapis>
    <KontoZapis  typ="G" >
        <LpZapisu>9</LpZapisu>
        <NrZapisu>PK 0004</NrZapisu>
        <KodKontaWinien>201-01</KodKontaWinien>
        <KwotaWinien>-1230.00</KwotaWinien>
        <OpisZapisuWinien>Bank 1 PL39235000153333000010239933</OpisZapisuWinien>
        <KodKontaMa>null</KodKontaMa>
        <KwotaMa>0.00</KwotaMa>
    </KontoZapis>
    <KontoZapis  typ="G" >
        <LpZapisu>10</LpZapisu>
        <NrZapisu>PK 0004</NrZapisu>
        <KodKontaWinien>202-01</KodKontaWinien>
        <KwotaWinien>3554.70</KwotaWinien>
        <OpisZapisuWinien>Bank 1 PL39235000153333000010239933</OpisZapisuWinien>
        <KodKontaMa>null</KodKontaMa>
        <KwotaMa>0.00</KwotaMa>
    </KontoZapis>
    <KontoZapis  typ="G" >
        <LpZapisu>11</LpZapisu>
        <NrZapisu>PK 0004</NrZapisu>
        <KodKontaWinien/>
        <KwotaWinien>0.00</KwotaWinien>
        <KodKontaMa>130-01</KodKontaMa>
        <KwotaMa>2324.70</KwotaMa>
        <OpisZapisuMa>Bank 1 PL39235000153333000010239933</OpisZapisuMa>
    </KontoZapis>
    <KontoZapis  typ="G" >
        <LpZapisu>12</LpZapisu>
        <NrZapisu>PK 0005</NrZapisu>
        <KodKontaWinien/>
        <KwotaWinien>0.00</KwotaWinien>
        <KodKontaMa>070-04</KodKontaMa>
        <KwotaMa>2850.00</KwotaMa>
        <OpisZapisuMa>Amortyzacja</OpisZapisuMa>
    </KontoZapis>
    <KontoZapis  typ="G" >
        <LpZapisu>13</LpZapisu>
        <NrZapisu>PK 0005</NrZapisu>
        <KodKontaWinien>400-01</KodKontaWinien>
        <KwotaWinien>2850.00</KwotaWinien>
        <OpisZapisuWinien>Amortyzacja</OpisZapisuWinien>
        <KodKontaMa>null</KodKontaMa>
        <KwotaMa>0.00</KwotaMa>
    </KontoZapis>
    <KontoZapis  typ="G" >
        <LpZapisu>14</LpZapisu>
        <NrZapisu>PK 0006</NrZapisu>
        <KodKontaWinien/>
        <KwotaWinien>0.00</KwotaWinien>
        <KodKontaMa>202-01</KodKontaMa>
        <KwotaMa>55.97</KwotaMa>
        <OpisZapisuMa>REJESTR zakupów materiałów</OpisZapisuMa>
    </KontoZapis>
    <KontoZapis  typ="G" >
        <LpZapisu>15</LpZapisu>
        <NrZapisu>PK 0006</NrZapisu>
        <KodKontaWinien>222-10</KodKontaWinien>
        <KwotaWinien>10.47</KwotaWinien>
        <OpisZapisuWinien>REJESTR zakupów materiałów</OpisZapisuWinien>
        <KodKontaMa>null</KodKontaMa>
        <KwotaMa>0.00</KwotaMa>
    </KontoZapis>
    <KontoZapis  typ="G" >
        <LpZapisu>16</LpZapisu>
        <NrZapisu>PK 0006</NrZapisu>
        <KodKontaWinien>402-02</KodKontaWinien>
        <KwotaWinien>45.50</KwotaWinien>
        <OpisZapisuWinien>REJESTR zakupów materiałów</OpisZapisuWinien>
        <KodKontaMa>null</KodKontaMa>
        <KwotaMa>0.00</KwotaMa>
    </KontoZapis>
    <KontoZapisCtrl>
        <LiczbaWierszyKontoZapisj>16</LiczbaWierszyKontoZapisj>
        <SumaWinien>22465.3700</SumaWinien>
        <SumaMa>22465.3700</SumaMa>
    </KontoZapisCtrl>
</JPK>
